1770 2749
693 146 934 183 —51-

112 244 146 289 2,
161 243 262 289 380):
306 242 409 289 „wir
441 242 610 279 verloren
646 243 714 279 mit
751 243 887 280 diesem
921 243 1041 280 Briefe
1076 243 1158 278 eine
1193 241 1255 278 der
1281 242 1516 288 wichtigsten

112 296 251 334 Stellen
276 297 367 334 iiber
382 296 579 333 Isokrates’
597 295 894 334 Lehrmethode.“
910 298 914 302 ‘
938 296 1042 343 Quod
1059 308 1133 333 non
1151 296 1237 332 lieet
1255 296 1290 331 ei
1307 295 1517 332 concedere:

112 362 210 398 nam,
244 351 277 387 si
309 350 432 387 minus
465 349 581 386 verba
612 349 695 397 ipsa
727 352 815 386 sunt
838 351 1033 396 Isocratea,
1069 352 1238 386 attamen
1264 348 1431 385 doctrina
1454 349 1518 385 illa

112 406 236 452 potest
260 416 341 441 esse
367 403 559 440 Isocratea.
611 403 704 447 Quid
729 404 825 440 enim
849 404 1012 452 impedit,
1048 403 1137 451 quin
1167 414 1252 439 cum
1276 401 1516 438 Muenschero

113 457 145 503 (l.
171 457 193 495 l.
218 469 252 505 p.
270 458 328 503 47)
355 455 551 504 epistulam
577 456 626 492 ab
652 456 783 504 aliquo,
811 459 873 505 qui
896 457 994 494 illius
1020 457 1154 494 scholis
1178 456 1396 501 interfuerit,
1422 456 1518 491 eius-

113 523 184 559 que
210 511 379 548 dictionis
413 512 452 546 et
485 509 670 546 doctrinae
703 510 804 547 haud
837 511 1065 547 mediocriter
1093 511 1234 558 peritus
1259 509 1380 554 fuerit,
1416 520 1517 545 com-

111 565 270 613 positam
295 574 377 600 esse
403 563 649 600 censeamus?
697 559 775 600 Hoc
800 566 925 601 autem
949 564 1029 601 loco
1056 563 1237 612 epistulae
1263 563 1403 599 auctori
1427 564 1517 599 ante

112 618 238 655 oculos
262 618 452 653 versatam
478 628 559 653 esse
584 628 658 664 par.
679 618 723 654 16
749 618 924 655 orationis
945 619 990 655 13
1007 617 1271 654 Muenscherus
1295 619 1395 654 recte
1412 616 1516 653 vidit.

111 674 234 719 Atque
261 681 345 706 cum
368 670 437 707 hos
462 670 555 707 duos
579 671 678 707 locos
694 672 789 708 inter
806 683 887 708 sese
905 672 1142 719 comparabis,
1168 672 1206 707 in
1224 672 1390 707 oratione
1407 670 1516 707 facile

112 735 240 761 verum
256 723 439 760 rhetorem
459 735 665 770 cognosces,
682 736 770 761 nam
782 725 845 762 illa
857 725 972 762 verba
982 727 1193 771 προελέσθαι
1207 727 1246 761 et
1255 728 1354 771 μῖξαι
1367 726 1406 761 et
1417 726 1517 766 τάξαι

111 778 198 814 κατὰ
223 778 355 823 τρόπον
380 778 460 814 sine
486 778 596 815 dubio
622 778 670 815 ad
694 791 750 824 ea,
785 791 880 826 quae
906 791 930 816 a
953 779 1160 815 rhetoribus
1185 780 1318 824 εὕρεσις
1343 781 1382 814 et
1405 781 1516 824 κρίσις

111 834 149 867 et
174 833 357 877 οἰκονομία
383 831 563 877 dicuntur,
590 834 759 879 spectant
789 832 842 877 (cf.
868 832 1052 869 Blassium
1077 831 1099 868 1.
1125 831 1147 868 l.
1172 832 1341 878 11²,110).
1391 831 1515 868 Verba

111 885 237 920 autem
276 884 456 932 epistulae
494 885 592 922 δι’ὦν
627 897 744 933 usque
778 885 826 922 ad
858 887 1066 931 ὑπεθέμεθα
1099 886 1207 921 nimis
1237 886 1276 921 in
1300 886 1515 921 universum

111 938 210 974 dicta
248 949 330 974 esse
366 938 473 974 nobis
509 939 690 976 videntur.
748 939 945 976 Praeterea
978 938 1145 986 displicet
1179 950 1378 987 pronomen
1408 943 1515 975 ταῦτα

110 993 196 1039 post
229 991 451 1037 singularem
485 997 586 1028 τοῦτο
619 992 754 1039 pluries
779 993 985 1039 repetitum.
1035 993 1089 1028 Ac
1114 993 1269 1028 verbum
1292 994 1514 1038 προελέσθαι,

111 1045 209 1091 quod
237 1046 292 1089 13,
310 1045 354 1081 16
371 1045 514 1090 legitur,
541 1045 651 1093 paulo
668 1046 763 1082 infra
779 1057 854 1092 par.
872 1046 895 1081 9
913 1046 1083 1082 occurrit:
1108 1048 1182 1081 τίνα
1199 1048 1277 1092 βίον
1292 1047 1513 1092 προελέσθαι.

229 1098 482 1146 Paragraphos
508 1100 633 1135 autem
659 1099 780 1134 9—12
807 1110 853 1135 ex
879 1099 1116 1145 orationibus,
1150 1099 1314 1148 inprimis
1340 1100 1363 1135 2
1390 1101 1428 1136 et
1456 1100 1512 1144 10,

110 1151 265 1189 fluxisse
299 1164 516 1200 persuasum
541 1153 731 1189 habemus.
781 1154 904 1199 Atque
930 1164 1003 1200 quo
1028 1153 1159 1189 melius
1184 1155 1280 1189 inter
1305 1164 1386 1189 sese
1411 1164 1513 1189 com-

110 1206 231 1252 parari
247 1206 401 1252 possint,
425 1205 536 1253 locos,
561 1205 624 1253 qui
640 1206 679 1242 in
697 1217 847 1242 censum
864 1207 1030 1253 veniunt,
1049 1206 1252 1243 exscribere
1269 1207 1377 1243 nobis
1393 1206 1513 1243 liceat.

1096 1297 1149 1331 ep.
1168 1286 1248 1330 6,9:
1279 1313 1286 1321 .
1306 1313 1312 1321 .
1332 1313 1340 1320 .
1364 1287 1513 1330 ποτέρας

1047 1342 1118 1374 τῶν
1168 1342 1278 1385 τιμῶν
1329 1340 1512 1385 ἀγαπῆσαι,

184 1284 266 1330 2,4;
292 1286 519 1331 πεποιήκασιν
541 1286 628 1324 ὥςτε
639 1285 790 1324 πολλοὺς
807 1286 985 1331 ἀμφισβη-

110 1343 188 1384 τεῖν,
222 1339 370 1383 πότερόν
395 1340 482 1373 ἐστιν
516 1339 614 1379 ἄξιον
646 1339 784 1374 ἑλέσθαι
816 1338 877 1374 τὸν
909 1339 988 1384 βίον

111 1392 171 1426 τὸν
186 1395 257 1426 τῶν
275 1392 526 1427 ἰδιωτευόντων
542 1392 618 1438 μὲν,
646 1393 806 1431 ἐπιεικῶς
824 1392 862 1427 δὲ
878 1405 987 1438 πρατ-

109 1446 250 1486 τόντων,
275 1448 297 1491 ἢ
322 1446 383 1481 τὸν
407 1450 478 1480 τῶν
501 1447 792 1490 τυραννευόντων.

184 1498 270 1543 2,5;
297 1499 379 1533 ὅταν
403 1499 469 1544 μὲν
486 1499 553 1544 γὰρ
579 1499 830 1545 ἀποβλέψωσιν
855 1500 904 1538 εἷς
928 1499 989 1538 τὰς

109 1552 209 1598 τιμὰς
233 1553 293 1588 καὶ
315 1552 397 1592 τοὺς
420 1553 593 1592 πλούτους
609 1554 668 1588 καὶ
692 1553 754 1592 τὰς
780 1554 987 1594 δυναστείας,

110 1607 274 1645 ἰσοθέους
324 1608 470 1645 ἅπαντες
507 1608 688 1651 νομίζουσι
726 1607 806 1645 τοὺς
843 1608 880 1642 ἐν
916 1611 989 1645 ταῖς

108 1660 314 1705 μοναρχίαις
356 1660 458 1699 ὄντας
488 1670 496 1679 ·
526 1661 666 1695 ἐπειδὰν
716 1660 988 1706 δ’ἒνθυμηθῶσι

111 1714 191 1753 τοὺς
232 1714 371 1759 φόβους
411 1714 471 1749 καὶ
511 1714 593 1752 τοὺς
634 1715 819 1753 κινδύνους
845 1742 853 1749 .
879 1742 886 1748 .
917 1718 989 1752 τοῖς

111 1767 331 1812 δ’ἀμφότερα
356 1770 461 1801 ταῦτα
486 1767 743 1812 συμβεβηκότα,
768 1768 872 1802 πάλιν
898 1794 905 1801 .
931 1794 938 1801 .
965 1769 987 1812 ἢ

109 1820 195 1865 μετὰ
220 1820 388 1855 τοιούτων
411 1823 610 1865 συμφορῶν
637 1847 643 1855 .
671 1847 678 1855 .
705 1847 712 1855 .
737 1821 938 1866 βασιλεύειν.

184 1873 217 1919 2,
229 1873 290 1909 30:
332 1874 451 1919 νόμιζε
491 1877 563 1909 τῶν
604 1877 715 1919 τιμῶν
752 1875 988 1919 ἀληθεστάτας

110 1928 196 1962 εἶναι
227 1927 278 1972 μὴ
313 1927 373 1966 τὰς
415 1928 452 1962 ἒν
493 1930 544 1972 τῷ
585 1931 731 1973 φανερῷ
762 1927 849 1973 μετὰ
885 1928 988 1966 δέους

111 1982 323 2027 γιγνομένας,
347 1981 421 2016 ἀλλ’
439 1982 522 2016 ὅταν
539 1981 636 2016 αὐτοὶ
652 1982 741 2026 παρ’
759 1982 876 2019 αὑτοῖς
893 1981 987 2019 ὄντες
1046 2009 1053 2016 .
1088 2008 1095 2016 .
1131 2008 1138 2015 .
1174 2008 1181 2015 .

108 2035 242 2080 μᾶλλόν
288 2048 352 2071 σου
399 2036 461 2081 τὴν
511 2036 656 2080 γνώμην
702 2036 724 2080 ἢ
765 2035 828 2080 τὴν
877 2034 986 2080 τύχην

109 2089 352 2134 θαυμάζωσιν.

186 2143 241 2188 10,
252 2143 313 2178 35:
340 2143 444 2181 εἰδὼς
470 2143 508 2178 δὲ
524 2143 585 2181 τὰς
609 2142 708 2188 τιμὰς
732 2142 853 2187 ἡδίους
878 2142 986 2179 οὔσας

109 2196 170 2235 τὰς
194 2196 291 2241 παρὰ
315 2199 387 2232 τῶν
402 2197 493 2243 μέγα
519 2197 749 2243 φρονούντων
766 2197 787 2241 ἢ
804 2195 865 2233 τὰς
889 2194 985 2240 παρὰ

109 2253 180 2285 τῶν
206 2250 454 2286 δουλευόντων.

186 2303 242 2348 10,
254 2303 315 2339 36:
349 2305 517 2340 τοσούτου
553 2305 589 2339 δ’
608 2305 749 2350 ἐδέησεν
774 2304 933 2339 ἀκόντων
957 2317 987 2337 τι

110 2361 220 2392 ποιεῖν
244 2361 314 2392 τῶν
338 2359 498 2393 πολιτῶν.

1047 1393 1108 1432 τὰς
1124 1394 1214 1439 παρ’
1228 1393 1382 1428 ἑκόντων
1400 1407 1511 1438 γιγνο-

1046 1448 1156 1491 μένας
1164 1449 1186 1491 ἢ
1195 1447 1256 1484 τὰς
1263 1448 1348 1490 παρ’
1355 1447 1514 1480 ἀκόντων

1047 1502 1119 1535 τῶν
1143 1500 1305 1535 πολιτῶν.

1098 1566 1152 1600 ep.
1179 1554 1284 1599 6,11:
1335 1555 1413 1599 ἐμοὶ
1446 1554 1514 1598 γὰρ

1047 1609 1272 1653 αἱρετώτερος
1296 1608 1316 1641 ὁ
1332 1608 1409 1652 βίος
1429 1607 1514 1642 εἶναι

1049 1662 1150 1697 δοκεῖ
1170 1661 1229 1697 καὶ
1245 1661 1389 1707 βελτίων
1405 1662 1425 1696 ὅ
1442 1663 1513 1696 τῶν

1048 1716 1298 1750 ἰδιωτευόντων
1359 1717 1380 1759 ἢ
1441 1717 1512 1749 τῶν

1046 1769 1310 1813 τυραννούντων
1354 1767 1413 1801 καὶ
1453 1767 1514 1806 τὰς

1045 1821 1147 1867 τιμὰς
1193 1822 1314 1866 ἡδίους
1362 1822 1514 1866 ἡγοῦμαι

1045 1875 1106 1913 τὰς
1131 1876 1168 1909 ἕν
1189 1878 1262 1913 ταῖς
1285 1875 1465 1912 πολιτείαις
1491 1875 1512 1920 ἢ

1045 1928 1106 1966 τὰς
1141 1928 1178 1962 ἕν
1202 1931 1275 1971 ταῖς
1307 1928 1514 1973 μοναρχίαις

1218 1981 1279 2019 τὰς
1327 1980 1395 2026 μὲν
1445 1981 1512 2026 γὰρ

1045 2035 1202 2075 ἔξουσίας
1235 2034 1294 2069 καὶ
1327 2034 1368 2069 τὰ
1401 2035 1512 2081 κέρδη

1044 2089 1103 2124 καὶ
1139 2089 1199 2127 τὰς
1234 2088 1365 2133 ἡδονὰς
1403 2089 1514 2133 ὁρῶσι

1045 2143 1104 2177 καὶ
1133 2142 1268 2177 τούτων
1298 2142 1513 2177 ἀπολαύσεσ-

1045 2197 1108 2231 θαι
1159 2196 1397 2241 προςδοκῶσι,
1451 2196 1514 2235 τὰς

1047 2250 1085 2285 δὲ
1131 2250 1285 2296 ταραχὰς
1325 2249 1384 2284 καὶ
1432 2250 1515 2289 τοὺς

1047 2305 1185 2350 φόβους
1193 2304 1252 2339 καὶ
1259 2303 1515 2349 τὰς-συμφορὰς

1046 2358 1108 2396 τὰς
1140 2361 1211 2396 τοῖς
1244 2358 1391 2402 ἄρχουσι
1424 2370 1514 2403 συμ-

1047 2413 1237 2449 πιπτούσας
1261 2424 1293 2445 κ.
1310 2414 1381 2449 τοῖς
1402 2412 1516 2456 φίλοις

1048 2466 1163 2500 αὐτῶν
1177 2465 1220 2499 οὐ
1233 2464 1434 2508 θεωροῦσιν
1445 2465 1516 2500 κτλ.

1281 2556 1319 2586 4.
