1770 2749
736 93 974 130 ,34-

144 192 314 237 gerendis
351 191 497 228 efficere
535 192 573 227 in
609 191 731 227 animo
767 191 936 236 habuitl)
998 190 1101 235 Quod
1137 190 1325 227 observari
1361 192 1486 237 potest
1522 191 1560 227 in

145 246 381 294 Panegyrico,
399 245 577 293 Philippo,
595 245 773 290 Plataico,
793 244 1057 293 Areopagitico.
1098 246 1235 292 Neque,
1254 243 1291 279 id
1308 243 1406 291 quod
1419 244 1560 280 Keilius

144 299 166 335 1.
184 298 205 334 l.
232 300 386 345 monuit,
415 299 581 335 excitans
607 299 682 334 ista
707 300 746 334 et
772 300 935 334 excitata
960 297 1285 344 magniloquentia,
1310 297 1375 333 illa
1399 298 1468 342 vis,
1487 309 1561 344 qua

146 354 270 389 orator
282 352 511 388 audientium
529 351 673 387 animos
690 352 755 397 ira,
774 352 867 397 odio,
885 353 987 387 metu
1000 350 1155 398 pertigit,
1173 350 1338 396 mollitia,
1356 350 1560 395 clementia,

147 418 212 453 spe
237 406 433 453 perfundit,
461 407 499 442 in
526 405 796 442 declamatione
821 406 915 442 bene
941 404 1114 453 explicari
1139 405 1300 452 possent.

265 460 315 496 Ut
331 460 424 495 haec
442 460 639 504 sententia,
666 459 722 495 ita
739 471 865 495 eorum
882 470 1036 506 quoque,
1063 458 1126 505 qui
1141 458 1340 494 Isocratem
1357 458 1561 494 orationem

146 513 366 549 Archidamo
402 513 555 556 misisse,
590 514 633 548 ut
667 513 715 549 ab
750 525 793 549 eo
829 513 866 548 in
903 513 1071 549 contione
1107 512 1315 556 haberetur,
1351 511 1559 559 opinantur,

146 566 330 603 reicienda
364 578 445 603 esse
480 566 587 602 nobis
621 566 777 603 videtur.
831 567 932 611 Quae
963 577 1027 614 per
1052 577 1092 602 se
1119 565 1267 601 minime
1293 565 1490 612 probabilis
1517 576 1560 601 eo

147 632 292 667 quoque
330 620 526 665 refutatur,
567 619 664 666 quod
701 621 740 655 in
779 620 948 656 contione
991 619 1091 667 loqui
1134 618 1377 654 Archidamus
1417 618 1561 664 legibus

146 673 304 721 Lycurgi
328 673 469 709 vetitus
496 676 577 709 erat
604 674 656 716 (cf.
674 674 785 710 Arist.
804 673 879 710 Pol.
905 673 1050 718 11‚11,3
1075 686 1109 721 p.
1129 673 1265 717 1273a3
1290 672 1475 708 Plutarch.
1496 672 1561 708 vit.

146 727 230 774 Lyc.
257 739 284 763 c.
312 727 351 773 63
378 726 520 772 Busolt,
547 727 589 763 D.
615 738 665 773 gr.
692 727 841 764 Staats-
866 739 901 763 u.
927 726 1186 763 Rechtsaltert.
1212 726 1276 762 922
1301 738 1334 773 p.
1355 725 1445 771 104).
1481 727 1561 763 Ita-

147 792 228 827 que,
266 792 362 827 quae
396 781 436 816 in
470 780 493 816 6
527 780 653 828 primis
687 780 927 828 paragraphis
961 779 1172 816 Archidami
1204 780 1386 825 leguntur,
1422 779 1470 815 ad
1502 791 1561 815 res

147 833 461 870 Lacedaemonias
487 845 563 870 non
589 834 782 881 quadrant.

264 888 445 925 Isocrates
480 889 601 935 igitur,
637 890 680 925 ut
704 888 820 925 finem
844 888 1025 925 faciamus
1052 889 1272 936 quaestioni,
1308 888 1473 925 oratione
1499 884 1562 924 illa

148 942 248 978 cives
282 943 320 977 in
356 942 566 987 Thebanos,
600 943 861 978 iniustissimos
895 942 1074 988 homines,
1111 943 1344 979 inflammare
1373 941 1561 978 Lacedae-

149 996 355 1043 moniisque
382 995 753 1032 benevolentissimos
779 995 927 1032 reddere
958 996 997 1032 in
1023 996 1145 1032 animo
1172 996 1304 1032 habuit
1329 1008 1372 1033 eo
1399 995 1560 1042 consilio,

148 1062 195 1085 ne
234 1050 273 1085 hi
311 1050 412 1086 omni
450 1050 585 1086 auxilio
625 1050 794 1086 destituti
831 1050 1012 1097 paulatim
1046 1050 1118 1086 illis
1154 1050 1434 1086 succumberent
1467 1062 1561 1086 neve

148 1102 294 1138 illorum
333 1104 503 1150 potentia
540 1103 648 1138 nimis
687 1105 892 1148 augeretur.
955 1102 1083 1150 Neque
1121 1103 1224 1139 irrita
1264 1103 1426 1148 fuerunt,
1466 1115 1561 1150 quae

152 1156 294 1193 civibus
321 1156 602 1193 commendavit.
652 1156 749 1192 Nam
775 1158 923 1192 constat
954 1169 1017 1192 eos
1043 1157 1152 1192 annis
1178 1156 1418 1204 sequentibus
1444 1157 1562 1202 magis

150 1210 341 1256 magisque
376 1210 423 1245 ab
458 1210 529 1245 illis
564 1222 604 1245 se
630 1212 811 1246 avertisse
836 1210 1209 1257 Lacedaemoniisque
1235 1211 1372 1246 favisse
1400 1212 1438 1246 et
1463 1221 1561 1246 anno

149 1263 220 1299 363
261 1263 476 1299 societatem
514 1264 611 1299 inter
647 1264 906 1308 Athenienses,
945 1263 1266 1310 Lacedaemonios,
1309 1263 1562 1300 Mantinenses

149 1319 279 1354 contra
305 1317 502 1354 Thebanos
528 1329 726 1364 eorumque
751 1318 868 1354 socios
894 1318 1033 1354 factam
1061 1319 1179 1363 esse.2)

266 1371 338 1406 Sed
372 1373 415 1406 ut
449 1372 576 1407 redeat
609 1371 820 1407 dissertatio
860 1371 908 1406 ad
942 1371 1138 1418 epistulam
1164 1371 1198 1418 9,
1234 1371 1331 1407 hanc
1364 1372 1562 1416 genuinam

150 1435 232 1460 esse
249 1436 384 1470 negare
404 1425 563 1470 cogimur
580 1425 643 1470 eis,
659 1436 755 1472 quae
773 1437 885 1473 supra
903 1427 946 1473 (p.
961 1425 1007 1461 27
1018 1428 1105 1472 sqq.)
1125 1424 1169 1461 de
1186 1425 1340 1471 ratione,
1356 1436 1450 1472 quae
1468 1425 1563 1461 inter

151 1491 234 1515 eam
268 1478 442 1526 illamque
469 1479 673 1515 orationem
709 1479 913 1524 intercedit,
949 1480 1151 1515 statuimus
1184 1491 1351 1526 quaeque
1385 1491 1483 1515 nunc
1517 1479 1562 1515 de

150 1533 315 1568 oratione
353 1533 435 1580 ipsa
474 1533 755 1580 exploravimus.
811 1533 889 1568 Iam
927 1532 1131 1578 videamus,
1171 1544 1260 1568 num
1298 1533 1379 1568 aliis
1418 1544 1562 1580 quoque

119 1617 125 1623 .
150 1587 377 1632 argumentis
404 1586 640 1632 adducamur,
667 1588 711 1623 ut
737 1587 782 1623 de
809 1587 989 1634 epistulae
1016 1586 1213 1623 authentia
1239 1586 1458 1623 dubitemus.

266 1642 320 1675 Ac
357 1642 513 1687 primum
553 1641 699 1687 quidem
737 1642 775 1676 in
811 1653 962 1676 censum
998 1641 1100 1676 venit
1131 1641 1243 1686 locus,
1280 1641 1341 1687 qui
1367 1640 1499 1685 legitur
1524 1642 1562 1676 in

149 1704 203 1741 ep.
221 1693 255 1739 9,
270 1693 388 1741 11s14.
441 1693 542 1738 Quae
577 1694 636 1730 hic
671 1693 715 1729 de
742 1693 914 1740 Agesilao
946 1693 1127 1740 dicuntur,
1167 1694 1304 1730 eisdem
1337 1693 1414 1730 fere
1441 1693 1562 1730 verbis

149 1748 187 1783 in
214 1759 261 1783 or.
280 1748 313 1792 5,
326 1747 440 1795 86s88
465 1748 599 1784 iterum
616 1748 798 1794 leguntur.
837 1748 938 1784 Haec
964 1750 1092 1784 autem
1119 1748 1317 1784 Isocratem
1342 1749 1381 1783 in
1399 1748 1562 1784 oratione

151 1801 196 1835 de
222 1801 392 1845 Agesilao
429 1802 644 1847 exposuisse
678 1813 753 1836 non
785 1801 981 1836 addentem
1017 1813 1056 1837 se
1092 1802 1221 1837 eadem
1255 1802 1329 1836 iam
1360 1801 1408 1836 ad
1433 1801 1562 1837 Archi-

153 1853 302 1890 damum
341 1855 529 1903 scripsisse
567 1855 630 1891 vix
665 1857 722 1891 est
754 1854 934 1902 credibile,
972 1855 1189 1903 praesertim
1225 1866 1308 1891 cum
1337 1854 1447 1902 paulo
1474 1856 1562 1892 ante

150 1920 224 1956 par.
248 1909 293 1944 81
329 1909 473 1955 legatur
511 1910 718 1946 excusatio:
757 1912 847 1957 ἅπερ
881 1911 1053 1946 ἐπέστειλα
1093 1911 1165 1946 καὶ
1185 1911 1276 1955 πρὸς
1309 1910 1491 1945 Διονύσιον
1526 1912 1564 1945 et

149 1962 260 2008 paulo
295 1966 379 2008 post
413 1975 487 2009 par.
515 1964 572 2008 93,
600 1964 664 1999 ubi
698 1963 832 1999 similia
858 1966 971 2010 atque
996 1963 1035 1998 in
1061 1963 1288 2010 Panegyrico
1315 1962 1468 2009 profert:
1503 1964 1562 1999 καὶ

147 2016 272 2062 μηδεὶς
289 2017 449 2062 ὑπολάβῃ
467 2031 512 2063 με
530 2018 720 2063 βούλεσθαι
736 2018 866 2059 λαθεῖν,
890 2018 940 2053 ὅτι
956 2018 1090 2053 τούτων
1109 2019 1180 2052 ἔνια
1197 2018 1363 2063 πέφρακα
1380 2017 1440 2052 τὸν
1457 2017 1562 2053 αὐτὸν

148 2070 282 2114 τρόπον
308 2071 416 2114 ὅνπερ
441 2072 612 2115 πρότερον
639 2071 693 2114 (cf.
721 2072 838 2117 4,145
857 2074 954 2117 sqq.).
1005 2070 1133 2116 Neque
1159 2081 1355 2116 possumus
1390 2071 1562 2106 assentiri

149 2122 305 2167 Blassio,
341 2123 404 2169 qui
438 2122 525 2158 dicit
559 2123 839 2168 (l.1.1112‚380)
876 2123 950 2168 illa,
988 2134 1084 2170 quae
1117 2123 1161 2159 de
1188 2122 1359 2168 Agesilao
1394 2124 1563 2171 exposita

149 2176 235 2221 sint,
262 2175 333 2212 hoc
352 2175 532 2223 epistulae
559 2176 648 2222 loco,
677 2188 751 2212 non
771 2177 944 2213 orationis
968 2177 1174 2224 exspectari
1191 2188 1371 2224 suumque
1398 2177 1561 2214 obtinere

149 2230 279 2266 locum.
323 2229 420 2266 Nam
446 2230 478 2265 si
502 2229 583 2265 illos
603 2230 695 2266 duos
721 2230 819 2266 locos
845 2231 940 2266 inter
966 2242 1005 2266 se
1029 2231 1309 2277 comparaveris,
1336 2231 1561 2268 differentias

269 2330 287 2365 1)
310 2328 394 2358 Idem
416 2328 538 2358 monuit
551 2328 717 2367 Drerupius
732 2328 751 2358 1.
766 2328 795 2364 l.,
817 2328 869 2367 qui
889 2328 954 2357 iure
975 2327 1071 2358 affert
1091 2329 1194 2365 verba,
1218 2339 1298 2368 quae
1311 2329 1387 2365 4,17
1400 2329 1560 2367 leguntur:

148 2370 224 2400 ἀλλὰ
245 2370 289 2400 δεῖ
305 2372 358 2401 τὸν
387 2372 429 2409 μὴ
458 2371 550 2409 μόνον
580 2369 718 2406 ἐπίδειξιν
737 2371 911 2408 ποιούμενον
930 2370 1005 2400 ἀλλὰ
1025 2374 1074 2400 καὶ
1096 2370 1324 2411 διαπράξασθαί
1341 2383 1371 2401 τι
1391 2371 1562 2411 βουλόμενον

150 2424 176 2445 e.
199 2425 226 2454 q.
249 2426 272 2445 s.
315 2416 398 2446 Haec
419 2416 460 2445 ad
481 2416 519 2445 Is.
542 2416 642 2454 ipsum
662 2418 804 2454 spectare
824 2416 855 2445 in
877 2420 985 2455 aperto
1008 2419 1063 2446 est.

268 2460 291 2498 ⁹)
314 2460 445 2496 Curtius,
469 2460 519 2490 Gr.
542 2460 593 2489 Gr.
613 2460 677 2493 111⁵,
689 2460 756 2489 368.
