1770 2749
778 99 1023 134 —18-

198 198 272 233 iam
292 196 422 233 Gratia
448 197 592 232 monuit
608 197 686 232 fieri
703 208 778 232 non
795 197 969 243 potuisse,
996 199 1040 232 ut
1055 196 1112 232 vir
1128 197 1186 232 tot
1202 196 1392 243 tantisque
1411 195 1609 232 virtutibus

198 251 388 299 praeditus
426 250 567 287 nullum
607 251 664 286 sui
702 251 900 296 vestigium
933 250 973 286 in
1007 250 1088 286 aliis
1124 249 1359 297 scriptoribus
1389 249 1610 297 relinqueret

200 305 231 348 (l.
258 305 280 341 l.
306 317 339 352 p.
354 306 422 349 46).
473 304 635 349 Accedit,
671 304 768 351 quod
800 316 909 350 quem
934 304 1055 340 locum
1080 304 1140 339 ille
1168 303 1264 350 apud
1291 304 1403 338 Asiae
1429 303 1609 350 principes

200 358 400 394 obtinuerit
433 359 501 393 aut
535 369 610 404 qua
640 357 685 393 de
711 369 825 393 causa
850 359 951 405 ipsos
977 357 1025 393 ad
1050 356 1269 405 Macedones
1294 356 1415 402 ierit,¹)
1449 356 1486 392 id
1513 356 1611 404 quod

200 423 343 459 semper
367 412 405 447 in
432 411 555 447 animo
581 411 755 448 habuerit
782 413 866 458 (par.
885 414 930 457 8),
958 411 1128 447 certiores
1154 422 1230 446 non
1254 410 1372 446 fimus.
1414 411 1611 446 Praeterea

200 477 246 501 ea
271 477 426 511 quoque,
463 477 558 511 quae
586 464 630 500 de
655 465 729 500 filio
757 465 836 501 eius
863 466 1194 501 commemorantur
1219 463 1303 500 inde
1330 476 1353 500 a
1378 475 1453 510 par.
1474 464 1530 510 10,
1557 464 1611 499 ita

199 531 275 555 non
301 530 384 554 cum
411 519 474 564 eis,
496 531 590 566 quae
608 518 845 566 praecedunt,
866 518 1074 565 cohaerent,
1094 520 1137 555 ut
1154 518 1263 566 plane
1281 518 1412 555 abesse
1429 517 1609 566 possint.²)

199 573 326 619 Neque
360 573 596 618 intellegitur,
633 585 696 608 cur
722 574 917 619 Antipatro
952 573 1243 619 prospiciendum
1277 573 1388 608 fuerit
1417 574 1610 619 tantopere

198 625 346 662 Diodoti
371 626 448 662 filio
475 637 630 673 quoque,
665 626 709 662 de
736 638 807 673 quo
840 628 969 662 auctor
993 625 1045 661 nil
1070 626 1219 672 habeat,
1256 625 1352 673 quod
1376 625 1611 662 laudabiliter

199 679 372 727 proferat,
416 680 630 728 praesertim
674 692 756 716 cum
799 692 846 716 ex
885 681 948 724 eis,
988 691 1083 727 quae
1121 692 1197 727 par.
1226 681 1269 716 11
1305 682 1463 716 exeunte
1496 679 1540 715 de
1567 690 1609 715 eo

200 734 381 780 dicuntur,
422 734 572 770 minime
610 733 764 770 idoneus
803 733 919 769 fuisse
957 733 1137 779 videatur,
1164 732 1300 781 qui'ad
1325 745 1402 770 rem
1426 733 1611 781 publicam

200 786 445 823 Macedonum
471 786 663 823 accederet
689 789 760 833 (τήν
785 802 820 822 τε
846 789 913 833 γάρ
940 788 1097 833 ἀπειρίαν
1121 788 1184 833 τὴν
1210 789 1318 823 αὑτοῦ
1336 815 1343 823 .
1363 815 1369 822 .
1388 790 1417 833 .).

318 840 390 876 Sed
426 841 500 876 iam
535 841 626 876 satis
661 841 779 876 multa
805 841 850 876 de
876 841 1035 888 epistula
1061 843 1194 888 quarta
1219 841 1258 876 in
1283 841 1497 877 universum
1523 842 1611 876 sunt

200 895 377 942 exposita.
429 895 607 930 Venimus
640 906 739 930 nunc
773 894 821 930 ad
848 905 1052 930 sermonem
1078 895 1200 941 ipsum
1225 896 1264 929 in
1296 905 1341 929 ea
1367 894 1609 939 adhibstumss)

199 949 322 995 Atque
357 948 412 984 ita
445 948 682 984 instituemus
716 960 804 994 rem,
840 950 884 984 ut
916 948 1073 995 primum
1108 948 1152 984 de
1187 948 1331 984 delectu
1362 949 1400 983 et
1425 949 1611 984 structura

200 1002 425 1047 singulorum
452 1002 724 1047 vocabulorum,
753 1001 883 1037 deinde
911 1002 954 1037 de
981 1004 1063 1037 tota
1081 1001 1322 1048 componendi
1337 1003 1479 1037 ratione
1495 1001 1611 1037 verba

198 1056 387 1091 faciamus.
450 1055 585 1091 Eorum
624 1058 749 1091 autem
788 1057 1098 1100 argumentorum,
1142 1066 1237 1101 quae
1277 1066 1323 1090 ex
1366 1066 1530 1090 sermone
1571 1055 1609 1089 in

200 1109 360 1156 epistula
386 1108 552 1144 adhibito
579 1109 773 1154 ducuntur,
800 1110 915 1156 primo
942 1109 1020 1144 loco
1046 1120 1226 1156 ponemus
1250 1120 1304 1154 ea,
1332 1120 1426 1155 quae
1443 1109 1610 1154 graviora

200 1175 282 1199 esse
307 1163 415 1199 nobis
440 1163 623 1200 videntur.

317 1217 446 1264 Itaque
483 1217 667 1253 ordiamur
701 1229 720 1253 e
747 1216 948 1262 vocabulis,
981 1228 1076 1263 quae
1102 1228 1178 1263 par.
1200 1217 1242 1251 11
1270 1216 1443 1261 leguntur
1468 1244 1475 1252 .
1502 1245 1510 1252 .
1537 1245 1544 1252 .
1570 1216 1609 1251 τὸ

199 1273 378 1316 σωμάτιον
395 1273 461 1306 οὐκ
480 1273 635 1315 εὗκρινὲς
652 1274 702 1312 ὃν,
721 1273 793 1306 ἀλλ’
813 1273 895 1316 ἔχον
913 1273 994 1305 ἄττα
1012 1272 1098 1316 σίνη.
1126 1270 1181 1305 ΕΧ
1199 1271 1256 1305 his
1270 1270 1411 1305 Keilius
1425 1269 1609 1316 profectus
1653 1314 1655 1317 Ι

195 1329 256 1362 est
290 1325 328 1359 in
364 1325 525 1371 epistula
559 1325 606 1360 ab
641 1325 800 1360 Isocrate
836 1323 1091 1368 abiudicanda,
1128 1325 1215 1370 quia
1245 1325 1326 1358 ἄττα
1353 1325 1428 1369 σίνη
1456 1323 1504 1358 ab
1531 1323 1609 1358 eius

199 1389 332 1423 genere
368 1377 511 1413 dicendi
545 1379 654 1425 plane
686 1378 907 1414 abhorreret.
957 1378 1084 1424 Neque
1110 1377 1299 1413 invenitur
1324 1389 1398 1413 vox
1424 1379 1518 1416 σίνος
1544 1379 1611 1412 aut

201 1431 300 1476 apud
325 1431 525 1466 Isocratem
560 1433 626 1466 aut
660 1431 758 1477 apud
794 1432 986 1477 scriptores
1014 1431 1146 1466 atticos
1175 1432 1250 1466 eius
1277 1431 1430 1475 aetatis;
1457 1431 1611 1465 occurrit

201 1485 327 1520 autem
366 1483 465 1531 apud
503 1484 740 1530 Herodotum,
780 1483 1015 1532 Aeschylum,
1052 1483 1322 1531 Hippocratem,
1362 1483 1607 1530 Aristotelem,

200 1539 439 1584 posteriores3
474 1539 633 1574 ionicum
670 1551 750 1574 esse
785 1539 1005 1574 vocabulum
1040 1539 1196 1574 videtur.
1246 1538 1295 1573 Ut
1320 1539 1413 1574 haec
1437 1550 1521 1583 vox,
1556 1538 1611 1573 ita

199 1603 246 1626 ne
273 1603 473 1638 pronomen
508 1594 589 1627 ἄττα
624 1591 770 1639 quidem
805 1603 851 1628 ex
885 1604 956 1627 usu
980 1592 1153 1628 Isocratis
1180 1593 1246 1627 est.
1298 1591 1413 1635 Quem
1439 1603 1513 1627 non
1538 1591 1611 1627 nisi

201 1647 282 1680 ἅττα
309 1645 522 1682 adhibuisse
549 1646 593 1682 iis
619 1647 719 1692 loeis,
747 1647 880 1694 quibus
906 1646 1031 1682 hiatus
1058 1646 1234 1682 vitandus
1260 1647 1348 1690 erat,
1365 1645 1506 1682 Keilius
1532 1645 1609 1682 coll.

201 1698 235 1734 ll.
266 1699 320 1744 17,
337 1700 392 1734 51.
420 1700 453 1745 2,
469 1701 526 1735 38.
553 1700 585 1744 3,
599 1700 647 1736 47
674 1700 806 1735 docuit.

321 1842 340 1877 ¹)
364 1840 451 1871 Diod.
474 1842 555 1870 enim
575 1842 638 1870 iam
659 1842 689 1870 in
711 1842 925 1870 Macedoniam
946 1842 1120 1879 profectum
1142 1849 1210 1870 esse
1230 1841 1368 1878 intellegi
1387 1842 1494 1878 potest
1515 1849 1531 1869 e
1545 1849 1609 1879 par.

201 1884 230 1913 2.
244 1884 272 1913 8.
291 1884 334 1919 12,
357 1893 545 1922 quamquam
565 1894 605 1914 ne
626 1885 656 1914 id
677 1885 801 1923 quidem
822 1894 968 1923 expresse
989 1885 1109 1915 dicitur.

320 1929 340 1966 ε’)
364 1929 401 1959 cf.
423 1929 562 1958 Gratiam
582 1931 601 1959 l.
615 1930 633 1958 l.
656 1939 685 1968 p.
699 1929 747 1960 48.

321 1973 341 2009 =³)
363 1973 500 2002 Blassius
520 1974 677 2008 nonnulla⁷
700 1975 811 2012 quibus
831 1983 933 2003 sermo
950 1974 1001 2003 ille
1015 1974 1054 2003 ab
1069 1973 1216 2003 Isocratis
1237 1973 1363 2006 recedit,
1384 1973 1446 2001 iam
1466 1973 1609 2011 repperit,

201 2025 272 2046 cum
294 2016 412 2045 diceret
432 2016 507 2053 (Att.
529 2017 596 2045 Ber.
617 2017 761 2054 112,329):
794 2018 873 2053 „Das
893 2017 1000 2055 massig
1027 2018 1119 2054 lange
1141 2016 1310 2046 Schreiben
1330 2016 1388 2045 hat
1408 2016 1500 2045 allein
1520 2018 1611 2046 unter

201 2061 283 2090 allen
304 2059 429 2089 Briefen
458 2063 556 2089 etwas
582 2069 644 2089 von
673 2061 743 2090 dem
763 2061 899 2090 leicbten
921 2061 983 2090 und
1006 2060 1206 2098 zwanglosen
1228 2059 1407 2096 Charakter,
1436 2060 1490 2089 der
1511 2061 1610 2090 dieser

200 2105 343 2142 Gattung
364 2104 531 2142 eigentlich
555 2104 740 2134 zukommt.“
784 2105 845 2134 Sed
873 2105 955 2143 quod
983 2104 1177 2134 differentias
1204 2113 1241 2134 eo
1270 2104 1421 2142 explicare
1441 2106 1537 2143 atque
1558 2114 1609 2135 ex-

200 2158 308 2178 cusare
339 2149 454 2183 studet,
488 2149 570 2186 quod
600 2149 753 2178 Isocrates
785 2158 847 2177 non
875 2151 941 2177 tam
968 2149 1100 2178 formam
1129 2157 1222 2186 quam
1242 2156 1307 2177 rem
1326 2148 1425 2186 ipsam
1447 2149 1608 2184 curaverit,

128 2187 137 2198 '
200 2202 294 2233 quam
325 2192 431 2232 perfici
459 2192 525 2222 eius
552 2191 715 2231 plurimum
743 2192 916 2227 interesset,
945 2201 1007 2230 qua
1033 2201 1066 2221 re
1093 2192 1132 2221 ab
1160 2191 1279 2221 usitata
1305 2191 1358 2221 via.
1379 2192 1500 2222 dicendi
1522 2193 1610 2232 quasi

200 2238 366 2273 deferatur,
396 2237 539 2267 assentiri
567 2237 595 2266 ei
623 2246 685 2266 non
713 2237 812 2274 magis
832 2245 998 2275 possumus
1020 2245 1113 2276 quam
1133 2236 1260 2272 Keilius,
1286 2237 1338 2276 qui
1359 2246 1415 2267 suo
1436 2237 1501 2267 iure
1521 2238 1608 2273 talia,

201 2282 304 2321 qualia
323 2283 355 2312 in
376 2282 510 2320 epistula
532 2283 706 2317 occurrunt,
734 2282 781 2310 ita
802 2281 941 2310 excusari
962 2290 1054 2319 posse
1080 2282 1184 2318 negat.
1225 2281 1394 2311 Permirum
1415 2284 1521 2311 autem
1542 2291 1610 2312 esse

199 2326 368 2355 Isocratem
389 2327 421 2354 in
443 2326 504 2354 hac
526 2334 588 2354 una
609 2325 742 2363 epistula
762 2334 783 2353 a
803 2333 858 2353 suo
879 2333 992 2362 genere
1013 2324 1134 2353 dicendi
1148 2325 1313 2354 recessisse
1327 2326 1450 2355 Wilam.
1466 2326 1611 2363 exposuit

198 2370 231 2400 in
251 2370 352 2400 Herm.
374 2370 434 2400 vol.
456 2369 583 2399 XXXIII
603 2378 632 2408 p.
647 2368 714 2405 493,
744 2378 805 2408 quo
826 2368 894 2399 loco
915 2370 1000 2399 recte
1021 2369 1127 2398 monet
1149 2368 1301 2398 Blassium
1320 2369 1420 2408 ipsum
1442 2369 1610 2400 concedere

200 2414 275 2451 (Att.
297 2415 364 2444 Ber.
386 2415 426 2443 112
448 2414 518 2452 329)
541 2414 799 2451 compositionem
820 2414 971 2451 epistulae
992 2414 1130 2443 Isocrate
1151 2413 1275 2451 dignam
1297 2423 1366 2443 esse
1387 2413 1459 2451 (‚‚So
1480 2414 1557 2452 geht
1577 2423 1610 2444 er

199 2458 248 2486 bei
269 2457 470 2495 sorgfaltiger
490 2458 553 2486 und
575 2457 661 2486 stark
683 2457 912 2494 rhythmiseher
932 2457 1149 2494 Komposition
1171 2466 1196 2486 e.
1219 2467 1246 2495 q.
1267 2457 1311 2494 s.).
