1770 2749
693 154 933 189 -11-

228 252 332 296 Quod
358 253 483 287 autem
501 251 639 287 attinet
655 251 703 287 ad
721 263 860 288 annum
877 253 959 297 346,
986 252 1067 287 fieri
1084 252 1241 299 poterat,
1270 253 1313 286 ut
1328 251 1516 296 Isocrates⁷

109 318 218 356 quem
243 317 341 342 anno
368 305 440 341 338
466 306 592 341 aetate
618 307 657 342 et
681 305 807 342 morbo
826 305 1034 343 confectum
1051 304 1168 341 fuisse
1187 307 1344 345 constat,
1371 305 1515 341 iuvenis

107 362 223 399 fuisse
249 360 320 397 sibi
345 359 530 397 videretur
556 371 599 396 eo
625 362 799 408 tempore,
826 372 898 408 quo
924 361 1128 398 orationem
1153 360 1323 408 quintam
1348 359 1515 408 Philippo

109 415 219 452 misit.
259 415 314 450 Ac
339 413 473 459 fugerit
497 414 655 450 fortasse
681 414 894 450 memoriam
910 415 1081 450 Isocratis
1106 414 1168 450 vel
1193 413 1317 461 potius
1336 414 1426 458 eius,
1453 414 1516 460 qui

107 469 209 506 illum
236 467 433 515 epistulam
457 467 606 504 tertiam
624 468 913 505 conscribentem
929 468 1028 513 fecit,
1056 470 1147 516 quot
1165 468 1272 504 annis
1291 469 1380 504 ante
1398 467 1516 504 oratio

108 523 239 570 quinta
264 522 313 557 sit
338 521 539 566 divulgata.

228 574 330 618 Quae
349 585 432 609 cum
450 575 504 610 ita
517 576 602 620 sint,
621 586 645 610 a
658 576 845 611 sententia
857 575 1009 623 Koenpii
1025 577 1064 611 et
1073 575 1278 621 Wagneri1)
1298 574 1516 611 secedamus

108 628 376 677 epistulamque
410 630 495 675 post
520 640 680 675 pugnam
706 628 754 664 ad
779 629 1028 665 Chaeroneam
1055 630 1286 666 commissam
1313 639 1515 676 pacemque

107 683 245 719 factam
271 682 511 729 compositam
538 694 619 718 esse
646 693 871 718 censeamus.

226 735 293 771 His
318 736 528 782 praemissis
553 748 652 772 nunc
669 735 714 772 de
731 736 805 772 fide
824 736 1005 784 epistulae
1022 738 1153 773 tertiae
1173 737 1261 784 quid
1277 735 1516 772 iudicandum

108 791 166 836 sit,
193 788 395 825 videamus.
438 790 519 834 Qua
543 790 581 825 in
606 802 646 825 re
671 790 974 837 proficiscendum
1001 793 1059 827 est
1084 802 1108 826 a
1132 790 1320 835 memoria,
1348 802 1443 837 quae
1469 790 1515 825 de

107 843 276 880 Isocratis
302 845 418 879 morte
445 845 578 880 exstat.
629 843 763 879 Omnes
790 845 886 880 enim
912 846 1091 890 auctores,
1119 856 1273 891 quorum
1299 844 1514 891 antiquissi-

107 908 189 933 mus
207 898 266 933 est
281 896 480 944 Dionysius
493 896 836 943 Halicarnasseus,·2)
856 910 939 934 eum
956 899 1084 945 paucis
1103 898 1231 934 diebus
1249 900 1335 945 post
1351 909 1515 945 pugnam

106 950 317 987 voluntaria
341 952 458 986 morte
485 951 646 986 animam
673 950 862 987 efflavisse
887 953 1111 997 testantur.³)
1155 951 1361 999 Epistulam
1387 953 1515 987 autem

107 1005 255 1040 tertiam
288 1006 373 1050 post
397 1015 535 1050 pacem,
572 1017 667 1051 quae
701 1016 775 1040 non
805 1006 931 1052 paucis
957 1005 1086 1041 diebus
1120 1008 1206 1052 post
1229 1005 1514 1041 Atheniensium

108 1056 248 1094 cladem
282 1058 464 1102 convenit,
493 1058 620 1094 datam
654 1069 735 1094 esse
762 1070 872 1105 supra
898 1058 1242 1095 demonstravimus.
1292 1058 1421 1105 Itaque
1448 1061 1515 1094 aut

107 1111 266 1158 epistula
300 1111 460 1156 genuina
493 1111 661 1158 putanda
695 1114 732 1147 et
764 1113 939 1148 memoria
972 1112 1036 1148 illa
1068 1111 1250 1148 reicienda
1275 1114 1343 1147 aut
1368 1113 1516 1158 propter

107 1167 298 1202 auctorum
335 1165 549 1201 testimonia
587 1164 631 1201 de
669 1165 848 1212 epistulae
885 1165 961 1201 fide
1000 1168 1058 1201 est
1096 1164 1349 1201 dubitandum.
1399 1164 1514 1201 Nobis

107 1218 253 1265 quidem
278 1218 339 1254 vel
364 1230 388 1254 a
412 1219 520 1265 priori
546 1221 589 1254 ut
606 1220 712 1255 aiunt
727 1219 951 1266 probabilius
969 1219 1115 1255 videtur
1132 1231 1214 1255 esse
1235 1218 1515 1266 biographorum

107 1272 303 1308 consensui
336 1271 596 1308 confidendum
630 1284 726 1318 esse,
762 1273 935 1320 quoniam
969 1272 1016 1308 ab
1051 1284 1235 1320 anonymo
1269 1271 1330 1308 illo
1366 1274 1514 1308 auctore

107 1326 315 1363 afferuntur
341 1326 587 1374 antiquissimi
612 1329 739 1373 testes,
776 1326 949 1374 aequales
974 1326 1157 1371 Isocratis,
1184 1326 1389 1373 Aphareus,
1416 1326 1515 1362 illius

106 1381 305 1427 privignus,
325 1382 364 1416 et
380 1380 598 1427 Demetrius,
627 1380 824 1428 discipulus
841 1380 1061 1425 Aristotelis,
1088 1380 1224 1416 inimici
1240 1379 1347 1417 illius.
1386 1380 1514 1427 Neque

106 1434 289 1482 persuasit
314 1434 420 1471 nobis
446 1434 650 1481 Blassius‚⁴)
679 1447 760 1472 cum
787 1436 985 1482 exponeret
1002 1434 1212 1482 Aphareum
1238 1433 1398 1471 fortasse
1425 1446 1514 1471 con-

106 1488 203 1524 sulto
237 1500 366 1524 verum
391 1500 466 1525 non
492 1489 639 1534 dixisse,
674 1492 717 1525 ut
741 1491 883 1536 patrem
908 1489 1204 1524 amantissimum
1229 1489 1373 1535 patriae
1398 1488 1514 1525 fuisse

106 1541 384 1578 demonstraret.
436 1542 609 1578 Similiter
647 1544 744 1579 enim
782 1542 938 1578 eundem
975 1553 1131 1588 negasse
1170 1544 1313 1588 patrem
1349 1553 1515 1589 unquam

105 1595 312 1632 iudicialem
338 1596 541 1633 orationem
568 1597 834 1644 conscripsisse.
872 1596 953 1641 Qua
976 1596 1015 1632 in
1039 1607 1078 1632 rc
1103 1596 1172 1632 niti
1196 1597 1344 1643 poterat
1369 1596 1514 1632 duobus

106 1649 194 1685 locis
229 1650 436 1685 orationum
470 1650 640 1686 Isocratis
675 1651 815 1696 (12,11.
848 1650 904 1694 15,
919 1650 1029 1697 37s8),
1069 1661 1161 1696 quos
1195 1654 1322 1685 tamen
1355 1661 1432 1685 non
1466 1649 1515 1685 ad

106 1702 259 1739 verbum
293 1714 374 1739 esse
408 1702 673 1750 intellegendos
707 1706 861 1752 apparet
895 1714 914 1739 e
947 1703 1168 1740 testimoniis
1199 1702 1440 1749 Aristotelis⁶)
1477 1705 1515 1740 et

106 1756 375 1804 Cephisodorifi)
426 1757 623 1793 Praeterea
648 1757 836 1794 iudiciales
861 1757 945 1794 illae
972 1758 1156 1793 orationes
1181 1757 1319 1804 primae
1341 1758 1514 1793 Isocratis

106 1812 204 1856 sunt,
240 1813 371 1858 quarto
405 1823 438 1847 a.
474 1811 552 1847 Chr.
586 1824 621 1847 n.
657 1811 804 1848 saeculo
839 1812 991 1848 ineunte
1026 1812 1193 1858 scriptae,
1227 1813 1270 1847 ut
1302 1814 1394 1856 tum,
1430 1823 1514 1847 cum

106 1865 298 1911 Aphareus
340 1864 430 1901 illud
473 1864 574 1911 dixit,
618 1866 745 1902 multis
786 1866 943 1902 forta-sse
986 1877 1061 1901 non
1102 1866 1175 1901 iam
1217 1867 1328 1901 notae
1365 1864 1514 1902 fuerint.

105 1916 274 1964 Epistula
300 1920 435 1964 autem,
463 1919 494 1954 si
520 1920 682 1963 genuina
707 1921 797 1965 erat,
824 1921 868 1955 ut
884 1920 1053 1966 Aphareo
1072 1919 1223 1965 aliisque
1241 1918 1367 1954 multis
1384 1919 1516 1964 ignota

106 1973 215 2016 esset,
250 1972 327 2007 fieri
352 1983 427 2008 non
452 1974 606 2019 poterat.
657 1972 773 2009 Multo
799 1979 926 2009 autem
951 1972 1029 2009 veri
1054 1974 1113 2008 est
1138 1971 1290 2007 similius
1316 1971 1513 2019 epistulam

105 2023 233 2061 fictam
255 2036 336 2061 esse
354 2025 401 2061 ab
420 2025 554 2073 aliquo,
582 2026 644 2073 qui
661 2025 749 2073 quid
767 2026 960 2073 Aphareus
978 2025 1022 2062 de
1039 2026 1207 2062 Isocratis
1224 2027 1342 2061 morte
1361 2024 1516 2062 dixisset

224 2167 245 2206 ¹)
267 2168 415 2206 Wagneri
434 2168 650 2207 interpretatio
670 2177 736 2207 par.
751 2168 784 2198 6:
809 2177 872 2204 „em
895 2177 975 2208 quae
994 2167 1114 2198 iuvenis
1133 2167 1237 2197 animo
1255 2177 1378 2198 mecum
1391 2170 1516 2207 reputa·

107 2209 187 2246 bam,
210 2220 290 2250 quae
310 2211 452 2242 oratioue
471 2221 542 2242 cum
562 2212 665 2242 media
685 2215 793 2243 aetate
813 2222 897 2242 eram
918 2214 951 2242 et
970 2212 1069 2242 altera.
1089 2212 1230 2241 oratione
1251 2221 1347 2242 senex
1368 2213 1517 2251 exprime-

106 2253 186 2290 bam,
208 2255 287 2285 haec
307 2264 390 2286 nunc
410 2264 464 2295 spe
484 2265 511 2286 e,
527 2265 555 2294 q.
569 2259 610 2285 S.“
634 2255 700 2286 iere
719 2258 790 2286 tota
809 2257 889 2286 ficta
908 2258 966 2286 est.

223 2299 244 2337 ⁵¹)
266 2300 318 2339 qui
339 2309 402 2340 qua.
421 2300 486 2330 fide
507 2300 556 2336 sit,
578 2303 661 2330 recte
681 2303 789 2331 monet
809 2300 932 2331 Wilam.
954 2301 984 2330 in
1004 2299 1106 2330 Herm.
1127 2300 1190 2330 vol.
1204 2300 1289 2331 XXX
1309 2310 1339 2340 p.
1353 2300 1420 2331 495.

224 2344 245 2382 ³)
265 2344 458 2374 Testimonia
477 2346 641 2374 auctorum
661 2344 806 2383 leguntur
826 2345 909 2383 apud
923 2345 1069 2374 Vaterum
1089 2344 1109 2374 l.
1124 2345 1143 2374 l.
1166 2347 1198 2374 et
1211 2345 1365 2375 Blassium
1385 2345 1417 2374 in
1438 2345 1516 2375 Mus.

105 2384 205 2417 Rhen.
226 2388 289 2418 vol.
302 2388 358 2418 XX
378 2397 408 2427 p.
425 2388 562 2427 110l111,
583 2390 620 2418 ut
641 2397 680 2418 ea.
699 2388 810 2418 iterum
832 2388 1003 2418 exscribere
1023 2396 1291 2426 supervacaneum
1312 2389 1363 2418 sit.

221 2432 244 2470 ⁴)
263 2432 342 2462 Mus.
362 2432 461 2463 Rhen.
482 2432 544 2462 vol.
558 2432 615 2462 XX
635 2441 665 2472 p.
681 2432 747 2462 113.

222 2476 243 2513 ⁶)
267 2476 308 2507 cf.
329 2476 484 2507 Ciceronis
504 2477 591 2506 Brut.
613 2476 660 2513 12,
669 2476 718 2507 48.

222 2520 244 2557 θ)
266 2519 306 2549 cf.
326 2520 454 2558 Dionys.
477 2520 496 2550 l.
510 2521 530 2550 l.
553 2529 579 2551 c.
595 2520 633 2550 18
652 2530 683 2559 p.
696 2520 777 2559 8516.

1581 2300 1599 2307 ⁷
