1770 2749
723 92 969 128 -38-

257 190 324 227 His
350 190 560 239 praemissis
586 189 750 236 singulas
775 189 1025 237 paragraphos
1050 200 1316 226 recenseamus.

258 245 340 281 Par.
359 245 397 281 2:
440 247 506 280 οὐκ
533 246 674 290 ἀγνοῶν
699 248 771 279 τῶν
804 245 921 289 λόγων
954 245 1014 279 τὸν
1041 244 1422 290 εὐμεταχειριστότερον.
1472 242 1552 278 Hoc

141 298 367 335 adjectivum
400 309 520 345 neque
558 298 596 333 in
623 297 851 333 orationibus
875 297 1069 334 Isocrateis
1104 296 1259 333 occurrit
1294 297 1343 341 et,
1371 297 1552 343 quantum

140 353 228 399 vidi,
256 365 279 390 a
295 353 514 400 reliquorum
534 364 679 400 quoque
707 353 893 388 oratorum
917 362 1085 388 sermone
1103 350 1265 388 alienum
1289 349 1436 387 videtur
1461 361 1553 387 esse.

140 407 334 443 Invenitur
358 408 486 442 tamen
513 417 566 453 ep.
586 406 619 451 2,
631 406 693 441 20:
733 407 899 451 ἀνδράσιν
934 407 1001 441 οὒκ
1027 407 1341 452 εὖμεταχειρίστοις.
1394 405 1495 448 Quae
1521 404 1554 440 si

142 461 268 507 spuria
301 462 368 505 est,
402 471 445 495 eo
480 460 598 505 magis
623 459 718 496 fides
754 471 808 506 ep.
826 460 849 495 9
874 459 1098 505 infirmatur3
1134 460 1191 495 sin
1225 460 1351 495 autem
1382 457 1553 503 genuina,

141 514 252 561 paulo
278 516 405 549 tamen
425 512 605 550 differunt
621 513 691 549 loci
707 513 804 549 inter
821 524 871 558 se,
891 512 978 560 quia
994 512 1054 548 hic
1070 513 1250 560 positivus
1270 512 1314 565 de
1330 512 1552 557 hominibus,

142 568 192 603 ibi
218 567 494 615 comparativus
521 566 565 613 de
592 579 631 604 re
658 567 783 614 aliqua
808 569 1009 613 usurpatus
1036 568 1170 603 exstat.
1220 566 1348 614 Neque
1373 565 1448 602 ullo
1473 566 1552 602 loco

141 621 434 668 comparativum
468 621 579 656 huius
606 621 780 657 adiectivi
814 622 1033 667 usurpatum
1058 621 1283 666 invenimus3
1317 619 1431 656 semel
1456 618 1554 667 apud

141 675 359 723 Dionysium
384 676 426 710 A.
445 674 486 710 R.
506 675 539 718 8,
552 675 574 710 6
601 676 727 710 exstat
753 674 1015 722 superlativus:
1042 675 1207 720 ἀπ’ἒμοῦ
1232 678 1294 710 τοῦ
1320 675 1493 720 νεωτέρου
1519 687 1555 708 τε

140 730 200 764 καὶ
225 730 604 775 εὐμεταχειριστοτάτου
632 730 832 775 ἀρξάμενοι.

239 784 299 822 τὰς
320 784 400 828 περὶ
424 786 496 818 τῶν
514 784 631 818 ἄλλων
657 784 828 828 εὖλογίαςῑ
856 782 953 829 apud
970 782 1168 818 Isocratem
1185 781 1255 817 hoc
1277 781 1555 817 substantivum

144 836 321 882 singulari
338 848 490 872 numero
516 835 664 882 legitur:
692 837 792 881 7,76.
819 836 851 882 5,
868 836 946 872 134.
982 835 1138 871 Pluralis
1155 847 1330 871 numerus
1347 835 1387 870 in
1404 834 1555 871 Graecis

143 891 274 926 litteris
309 901 385 926 non
424 901 610 926 occurrere
646 890 794 926 videtur
830 890 902 925 nisi
938 890 978 925 in
1004 889 1178 935 Axiocho‚
1219 889 1318 936 apud
1343 889 1554 934 Pindarum,

141 943 345 990 Philonem,
372 944 411 978 in
436 943 541 978 Novo
569 943 819 979 Testamento.

260 997 340 1033 Par.
357 996 396 1032 4:
438 998 561 1036 πόσοις
596 998 679 1032 δ’ἂν
704 998 820 1042 λόγοις
854 998 1025 1043 ἐξεγένπο
1055 998 1268 1043 χρήσασθαιῑ
1304 997 1459 1032 verbum
1485 998 1555 1042 ἒκγ.

144 1063 226 1087 cum
251 1050 438 1087 infinitivo
457 1050 692 1087 coniunctum
712 1051 811 1099 apud
827 1051 1025 1087 Isocratem
1049 1050 1217 1087 dativum
1233 1062 1411 1098 personae
1430 1050 1554 1096 habet,

143 1105 248 1141 velut
277 1105 332 1151 16,
345 1105 409 1141 36:
448 1106 679 1152 ἑκγενόμενον
717 1107 814 1152 αὐτῷ
850 1106 901 1152 μὴ
939 1106 1052 1152 μόνον
1084 1107 1299 1152 μετ’ὀλίγων
1332 1110 1403 1142 τῶν
1441 1106 1556 1142 ἄλλων

146 1162 264 1206 ἄρχειν
292 1188 298 1195 .
326 1187 333 1195 .
361 1189 368 1196 .
395 1159 485 1204 8,92
514 1187 521 1194 .
548 1187 555 1195 .
583 1187 590 1195 .
617 1161 700 1195 ι’δεῖν
734 1162 849 1199 αὐτοῖς
883 1161 1056 1205 ἐξεγένετο
1082 1189 1090 1196 .
1117 1189 1124 1196 .
1154 1160 1243 1206 l5,8
1270 1188 1277 1196 .
1305 1188 1312 1195 .
1338 1189 1345 1196 .
1373 1162 1487 1199 οὕτως
1513 1162 1556 1194 ἂν

145 1214 347 1258 ἐκγενέσθαι
372 1226 434 1258 μοι
458 1214 604 1258 μάλιστα
632 1214 855 1259 διαλεχθῆναι
879 1215 959 1259 περὶ
984 1215 1157 1249 ἁπάντων.

263 1265 343 1301 Par.
363 1266 400 1301 5:
441 1267 491 1311 μὴ
519 1270 685 1311 κομψῶς,
722 1267 935 1306 ἀλλ-’ἅπλῶς
970 1268 1134 1302 ὅιελθώνε
1177 1267 1379 1302 adverbum
1405 1281 1437 1302 κ.
1464 1266 1557 1302 alias

146 1331 222 1354 non
249 1319 418 1363 occurrit3
449 1320 504 1363 15,
519 1319 588 1354 195
614 1320 803 1354 invenitur
827 1321 1064 1365 κομψοτέρως
1088 1322 1292 1366 πέφρασται.

264 1372 345 1409 Par.
374 1372 411 1407 6:
454 1373 619 1418 εὐπόρως
657 1373 876 1419 ε’πιὸραμεῒνε
919 1373 1099 1409 Isocrates
1142 1372 1365 1409 adiectivum
1406 1375 1558 1419 εὔπορος

146 1426 329 1473 adhibuit,
366 1426 470 1462 velut
502 1426 630 1467 4,109.
665 1426 767 1472 2,31.
794 1427 896 1472 8‚19.
926 1427 1050 1472 13,15.
1078 1427 1178 1469 5,84.
1191 1427 1269 1463 132.
1299 1427 1448 1473 12,167,
1488 1427 1555 1463 ad-

145 1480 313 1515 verbium
339 1491 539 1526 nunquam.
590 1480 718 1527 Neque
744 1482 945 1526 ἐπιδραμεῖν
971 1480 1070 1527 apud
1094 1480 1292 1516 Isocratem
1317 1481 1459 1525 legitur.

264 1536 307 1568 ἂν
323 1534 373 1580 μὴ
400 1535 645 1573 κελευσθέντες
669 1538 903 1580 παραινῶσιν;
929 1534 1160 1582 participium
1184 1535 1382 1574 κελευσθεὶς
1407 1545 1490 1570 cum
1506 1535 1556 1581 μὴ

147 1588 384 1623 coniunctum
410 1599 485 1623 non
503 1588 692 1624 invenitur
717 1588 789 1624 nisi
814 1588 852 1623 in
871 1587 1048 1635 epist-ulis,
1076 1587 1180 1623 velut
1198 1599 1250 1634 ep.
1268 1588 1309 1632 II,
1322 1589 1352 1623 1.
1404 1588 1473 1632 Qui
1489 1588 1559 1624 loci

146 1643 226 1675 tam
253 1642 424 1676 accurate
459 1642 555 1676 inter
589 1653 628 1676 se
664 1643 881 1686 congruunt,
917 1644 960 1676 ut
985 1641 1080 1676 alter
1105 1653 1151 1676 ex
1177 1641 1291 1676 altero
1317 1641 1472 1677 fluxisse
1497 1641 1559 1677 vel

147 1695 302 1740 uterque
330 1694 377 1729 ab
404 1694 532 1730 eodem
559 1695 783 1742 compositus
810 1706 892 1730 esse
918 1693 1098 1731 videatur.

265 1747 345 1783 Par.
365 1748 404 1782 7:
430 1752 501 1783 τῶν
526 1749 644 1793 λόγων
671 1776 678 1783 .
705 1776 712 1783 .
738 1749 820 1787 τοὺς
846 1749 1137 1793 ἒργωὸεστάτους.
1188 1747 1419 1784 Adiectivum
1446 1750 1471 1784 ἒ.
1489 1749 1558 1784 ab-

147 1800 271 1835 horret
289 1799 335 1835 ab
355 1802 541 1836 oratorum
559 1802 767 1837 Atticorum
785 1812 953 1837 sermone
972 1800 1027 1845 (cf.
1043 1799 1199 1845 Schmid,
1219 1801 1559 1847 Atticism.H,111).

266 1853 345 1889 Par.
373 1854 409 1889 8:
462 1856 709 1901 ἐνθυμηθῆναι
750 1856 830 1900 περὶ
871 1858 943 1890 τῶν
993 1858 1124 1890 κοινῶν
1164 1856 1390 1901 πραγμάτων.
1457 1854 1559 1891 Haec

151 1907 375 1942 constructio
402 1908 505 1943 verbi
531 1910 556 1943 ἕ.
575 1909 623 1943 ab
641 1909 801 1944 Isocrate
820 1908 943 1943 aliena
970 1910 1041 1952 est;
1067 1919 1153 1943 nam
1172 1908 1268 1954 quod
1285 1908 1422 1955 Papius
1448 1908 1561 1944 affert

148 1961 185 1997 in
213 1959 341 2005 lexico,
369 1971 416 1996 or.
434 1960 469 2007 4,
481 1961 513 2005 9,
539 1961 703 1997 hocloco
730 1973 789 1997 res
815 1961 922 1997 aliter
940 1963 998 1997 est
1024 1964 1245 2009 comparata,
1272 1962 1359 2009 quia
1381 1962 1559 1998 inverbis

148 2015 188 2048 τὰ
232 2015 455 2059 προςήκσντα
498 2017 576 2060 περὶ
614 2017 762 2061 ἑκάστης
804 2016 1051 2060 ἐνθυμηθῆναι
1095 2016 1327 2060 coniungitur
1365 2017 1438 2052 ἔνθ.
1477 2028 1560 2052 cum

150 2067 366 2103 accusativo
392 2068 432 2102 τὰ
459 2082 516 2113 πρ.
535 2079 654 2115 neque
682 2080 763 2104 cum
784 2068 864 2104 sola
889 2068 1157 2116 praepositione
1174 2071 1261 2115 περί.
1304 2068 1408 2105 Unus
1434 2071 1560 2106 autem

150 2122 250 2157 locus
278 2121 404 2157 afferri
430 2133 538 2168 posse
564 2123 719 2167 videtur,
755 2134 804 2159 or.
825 2123 979 2168 15,199:
1017 2127 1158 2170 πρῶτον
1184 2125 1448 2170 δ’ἒνθυμήθητε
1480 2124 1561 2169 περὶ

148 2179 220 2210 τῶν
246 2176 422 2221 φλυαρίαν
448 2177 657 2220 φασκόντων
684 2177 768 2212 εἶναι
793 2177 856 2222 τὴν
880 2177 1037 2212 παιδείαν
1055 2179 1106 2216 ὡς
1132 2179 1230 2213 αὐτοὶ
1254 2179 1329 2213 λίαν
1346 2179 1561 2224 καταφανῶς

148 2231 329 2276 ληροῦσινς
369 2229 435 2265 sed
468 2229 527 2265 hic
562 2242 706 2277 quoque
741 2230 844 2267 locus
878 2230 989 2277 paulo
1016 2231 1063 2267 ab
1098 2231 1279 2279 epistulae
1306 2231 1440 2275 differt,
1476 2243 1560 2268 cum

148 2295 211 2330 pro
239 2283 382 2320 obiecto
410 2282 538 2319 addita
563 2284 637 2320 sint
663 2284 779 2320 verba
804 2285 856 2323 ὡς
879 2285 1053 2330 ληροῦσιν.
1104 2285 1267 2332 Reliquis
1293 2285 1393 2330 locis,
1426 2286 1560 2333 quibus

149 2337 329 2373 Isocrates
363 2337 434 2373 hoc
460 2337 616 2373 verbum
650 2337 831 2384 adhibuit,
869 2338 964 2373 inter
1002 2350 1041 2374 se
1080 2340 1301 2386 comparatis
1337 2341 1491 2387 apparet
1523 2339 1561 2375 id

150 2395 370 2438 usurpatum
398 2403 480 2427 esse
507 2395 574 2426 aut
600 2391 769 2427 absolute
804 2393 847 2427 ut
871 2391 926 2428 ita
952 2392 1070 2428 dicam
1096 2395 1164 2429 aut
1189 2404 1272 2429 cum
1298 2393 1468 2439 genetivo
1495 2395 1563 2430 aut

152 2456 234 2479 cum
253 2445 466 2481 accusativo
485 2445 730 2481 coniunctum.
762 2445 885 2492 Atque
903 2456 987 2481 cum
1003 2446 1072 2483 hoc
1084 2446 1238 2483 verbum
1252 2447 1351 2494 apud
1364 2447 1561 2483 Isocratem
