1770 2749
717 101 959 137 ,28-

136 212 210 246 qua
236 202 364 236 auctor
383 200 427 235 de
454 212 494 235 se
520 200 599 246 ipso
628 199 731 235 dicit:
759 200 830 244 ἐγὼ
858 201 889 234 δ’
917 201 1031 238 οὕτως
1057 201 1110 234 ἐπ’
1138 200 1280 243 ἐμαυτῷ
1304 200 1395 243 μέγα
1412 203 1549 244 φρονῶ,

134 255 260 300 καίπερ
287 256 343 301 ἔτη
372 254 527 300 γεγονὼς
552 254 772 300 ὀγδοήκοντα
799 264 828 289 θ.
848 265 880 301 q.
899 265 937 298 S.‚
975 265 1057 289 eam
1084 264 1181 288 anno
1208 251 1281 289 356
1308 251 1550 300 compositam

136 320 218 344 esse
245 308 447 353 colligatur,
475 319 585 352 nunc,
622 319 692 354 quo
720 319 819 343 anno
847 308 963 344 oratio
982 308 1005 343 6
1024 306 1215 351 divulgata
1240 307 1299 351 sit,
1327 318 1548 352 quaeramus

135 363 287 408 oportet.
339 361 440 405 Quae
468 361 595 404 oratio,
632 362 663 397 si
689 373 787 397 anno
815 361 897 407 365,
935 363 1023 397 ante
1051 373 1104 408 ep.
1122 360 1145 397 9
1172 361 1230 396 est
1255 359 1472 407 conscripta,
1499 359 1547 396 ab

134 415 294 451 Isocrate
333 416 364 451 si
399 414 595 462 epistulam
631 416 847 463 composuit,
888 415 1034 452 silentio
1068 414 1254 463 praeteriri
1284 425 1359 449 non
1383 414 1547 461 poterat3

133 470 314 516 epistulae
340 469 363 505 9
390 469 579 505 exordium
605 471 710 509 εἰδὼς
735 470 886 509 πολλοὺς
910 471 1146 515 ὡρμημένους
1171 469 1400 514 ἐγκωμιάζειν
1425 468 1463 503 σὲ
1488 468 1548 503 καὶ

132 524 193 558 τὸν
226 525 358 568 πατέρα
391 525 472 569 etqs
511 526 592 558 tum
618 522 727 569 plane
755 526 895 558 careret
921 534 1044 558 sensu.
1095 523 1224 568 Itaque
1250 524 1293 557 ut
1318 520 1545 566 diiudicetur,

133 579 256 611 utrum
283 576 443 623 epistula
469 577 631 621 genuina
656 577 705 612 sit
730 588 857 622 necne,
885 588 956 623 quo
983 578 1146 623 tempore
1165 575 1280 611 oratio
1298 574 1362 610 illa
1379 574 1428 610 sit
1445 585 1545 610 com—

132 629 254 675 posita
280 631 493 666 statuamus
520 631 673 676 oportet.
717 629 882 673 Quacum
908 630 1123 675 quaestione
1142 630 1220 664 arte
1239 627 1471 673 coniungitur
1489 639 1544 672 ea,

131 694 227 729 quae
260 684 318 718 est
344 683 388 719 de
416 682 565 718 consilio
594 683 779 727 orationis,
807 685 850 718 ut
876 682 919 718 de
947 683 1025 718 eius
1052 685 1214 729 tempore
1241 683 1278 718 et
1304 681 1451 717 consilio
1478 692 1545 716 ex-

132 748 268 782 ponere
303 748 402 772 nunc
436 738 604 772 nostrum
638 736 696 771 sit.
747 737 801 771 De
828 736 961 782 quibus
988 736 1074 782 quid
1100 735 1336 771 iudicandum
1363 736 1423 779 sit,
1450 735 1546 770 sicut

131 789 253 825 adhuc
286 790 357 824 viri
391 789 488 825 docti
515 790 749 834 dissentiunt,
785 789 839 825 ita
872 790 945 825 iam
980 790 1143 836 antiquis
1169 789 1394 835 temporibus
1419 788 1544 824 variae

131 844 341 879 sententiae
375 843 539 890 prolatae
575 845 670 878 sunt.
722 844 940 890 Anonymus
967 843 1065 878 enim
1090 842 1150 879 ille
1176 844 1312 887 auctor,
1339 842 1402 890 qui
1426 841 1543 889 hypo-

130 897 254 933 thesin
282 897 496 944 composuit,
525 896 617 932 duas
644 909 725 933 esse
752 897 957 932 sententias
985 897 1145 944 exponit,
1182 908 1264 932 cum
1290 871 1379 932 dicit
1404 898 1446 943 (p.
1464 895 1543 931 LVI

131 950 185 987 ed.
212 951 358 996 Blass):
393 952 452 986 καὶ
491 953 525 986 οῖ
556 952 628 1005 μὲν
638 952 816 997 λέγουσιν,
849 952 899 986 ὅτι
924 953 1070 997 πέμψας
1095 951 1307 997 Ἀρχίδαμος
1332 952 1369 986 ἐν
1384 951 1543 996 Αθήναις

129 1006 190 1041 τὸν
207 1006 313 1051 λόγον
331 1006 427 1051 παρὰ
454 1006 673 1051 Ἰσοκράτους
700 1006 866 1046 ἐδέξατο·
886 1007 983 1041 ἄλλοι
1009 1007 1048 1041 δέ
1065 1019 1150 1051 φασι
1173 1006 1366 1051 γυμνασίαν
1383 1006 1467 1040 εἶναι
1483 1005 1543 1040 τὸν

128 1061 233 1104 λόγον
271 1060 500 1104 Ἰσοκράτους,
537 1061 630 1098 τίνας
668 1062 712 1094 ἂν
749 1062 838 1094 εἴποι
875 1061 1003 1104 λόγους
1036 1061 1251 1105 Ἀρχίδαμος
1289 1060 1542 1104 συμβουλεύων

129 1114 431 1158 Λακεδαιμονίοις.
490 1112 563 1148 Α111
600 1113 712 1158 igitur
750 1113 953 1148 orationem
992 1113 1038 1148 ab
1078 1114 1236 1148 Isocrate
1275 1112 1541 1148 conficiendam

129 1178 278 1202 curasse
313 1166 586 1211 Archidamum,
626 1166 689 1202 alii
724 1178 805 1202 eam
839 1166 889 1202 nil
925 1178 1006 1203 esse
1041 1166 1113 1203 nisi
1148 1166 1450 1202 exercitationem
1480 1166 1541 1201 vel

129 1220 436 1256 declamationem
472 1220 756 1256 contendebant.
815 1221 857 1256 In
896 1221 967 1266 eis,
1008 1222 1071 1268 qui
1104 1221 1302 1256 Isocratem
1337 1220 1541 1255 orationem

129 1273 349 1310 Archidamo
390 1274 639 1321 composuisse
679 1274 870 1319 dicebant,
910 1273 1161 1310 numerandus
1200 1275 1257 1310 est
1296 1273 1504 1321 Dionysius,
1515 1274 1539 1319 ¹)

128 1330 258 1364 auctor
295 1328 392 1364 illius
428 1329 635 1364 orationum
669 1329 920 1375 peritissimus.
983 1328 1093 1365 Cuius
1128 1328 1388 1364 auctoritatem
1423 1328 1541 1364 secuti

128 1385 217 1417 sunt
243 1383 387 1418 Clinton
415 1382 449 1426 (f.
467 1382 561 1427 Hell,
590 1382 644 1418 ed.
666 1382 760 1418 1830
785 1394 817 1428 p.
838 1383 919 1427 125)
952 1385 990 1418 et
1016 1382 1164 1418 Grotius
1192 1382 1262 1425 (Gr.
1287 1381 1381 1418 Hist.
1408 1381 1452 1427 V,
1466 1381 1540 1416 488

126 1435 209 1471 adn.
230 1436 311 1481 101,
342 1436 436 1472 1880
447 1437 482 1481 2),
519 1435 581 1483 qui
615 1438 768 1472 censent
793 1435 894 1472 illam
930 1437 1135 1472 orationem
1169 1436 1217 1471 ab
1242 1435 1404 1472 Isocrate
1439 1447 1539 1471 com-

125 1491 285 1537 positam
313 1502 394 1526 esse
422 1502 465 1526 eo
493 1490 653 1536 consilio,
682 1492 725 1526 ut
752 1490 799 1525 ab
825 1490 1045 1526 Archidamo
1071 1491 1110 1525 in
1136 1490 1305 1526 contione
1330 1490 1537 1535 haberetur,

124 1544 145 1578 i.
165 1555 193 1579 e.
221 1555 320 1579 anno
347 1543 428 1579 365.
480 1544 609 1579 Altera
643 1545 700 1578 est
735 1545 922 1579 sententia
949 1555 1084 1588 eorum,
1121 1544 1183 1590 qui
1208 1543 1308 1578 illam
1335 1543 1538 1579 orationem

125 1597 172 1632 ab
199 1597 357 1633 Isocrate
384 1596 559 1644 scriptam
586 1597 796 1644 editamque
824 1608 905 1633 esse
924 1597 1160 1642 arbitrantur,
1187 1599 1231 1633 ut
1249 1596 1537 1633 Atheniensibus

125 1651 248 1686 odium
267 1651 524 1687 Thebanorum
548 1652 699 1687 iniceret
717 1663 851 1698 eosque
870 1651 1138 1696 adhortaretur,
1165 1654 1208 1687 ut
1225 1651 1536 1687 Lacedaemonios

125 1704 172 1739 ab
206 1704 276 1739 illis
311 1716 504 1751 oppressos
539 1704 771 1749 adiuvarent,
807 1705 842 1740 id
878 1705 975 1766 quod
1010 1707 1224 1741 statuerunt
1248 1704 1467 1740 Benselerus
1498 1704 1536 1740 111

125 1758 284 1794 editione
311 1770 342 1795 a.
364 1759 459 1794 1854
484 1759 585 1794 iacta
610 1771 643 1820 p.
662 1759 727 1801 69,
764 1758 905 1794 Keilius
939 1760 977 1795 in
1012 1758 1118 1796 Anal.
1143 1759 1337 1795 Isocrateis
1362 1771 1394 1806 p
1413 1758 1478 1806 6s7
1504 1770 1535 1794 a.

92 1860 95 1862 -
127 1811 232 1856 1885,
268 1812 575 1849 Wilamowitzius
609 1813 647 1848 in
673 1813 783 1849 Arist.
819 1815 857 1849 et
882 1813 967 1849 Ath.
985 1813 1027 1858 ΙΙ,
1039 1814 1110 1850 394
1146 1826 1177 1860 a.
1202 1813 1296 1849 1893
1330 1813 1535 1860 iterumque

123 1866 161 1900 in
196 1865 353 1902 Hermae
389 1866 459 1902 vol.
477 1866 613 1902 XXXII
646 1879 678 1914 p.
696 1867 788 1912 494,
824 1867 995 1914 Meyerus
1029 1868 1066 1903 in
1102 1866 1232 1904 Gesch.
1259 1867 1290 1903 d.
1309 1867 1381 1903 Alt.
1399 1866 1448 1912 V,
1461 1866 1535 1903 450

124 1931 155 1956 a.
177 1919 289 1964 1902;
327 1919 526 1966 Drerupius
565 1921 603 1956 in
642 1920 696 1957 ed.
723 1922 828 1957 Isocr.
864 1921 982 1965 (1906)
1021 1921 1091 1957 vol.
1110 1921 1125 1956 I
1163 1921 1410 1968 praefatione,
1449 1921 1534 1957 111110

122 1986 154 2008 0.
173 1986 205 2020 p.
225 1972 333 2018 GLI.‘-')
378 1973 445 2017 Qui
471 1974 540 2009 viri
566 1974 662 2010 docti
681 1975 884 2010 orationem
903 1975 1031 2010 eodem
1050 1986 1160 2021 anno,
1187 1986 1259 2021 quo
1277 1974 1338 2019 illi,
1367 1977 1532 2010 exortam

121 2039 204 2063 esse
231 2027 299 2062 sibi
325 2030 597 2074 persuaserunt.
641 2028 802 2064 Tertiam
826 2029 981 2075 denique
1009 2028 1233 2064 sententiam
1260 2030 1465 2075 sequuntur
1488 2029 1531 2076 01,

121 2082 184 2128 qui
210 2081 409 2116 Isocratem
445 2093 489 2116 ea
525 2081 690 2117 oratione
726 2082 873 2118 omnino
909 2082 960 2117 nil
995 2082 1141 2117 efficere
1173 2081 1334 2117 voluisse
1360 2082 1398 2117 in
1424 2083 1532 2119 rebus

119 2135 288 2180 gerendis
322 2134 488 2181 publicis,
526 2134 589 2170 sed
626 2146 708 2170 eam
743 2147 824 2171 esse
861 2135 1163 2171 declamationem
1200 2135 1336 2182 dicunt,
1371 2137 1408 2172 id
1435 2137 1532 2184 quod

120 2189 326 2225 docuerunt
339 2188 650 2224 Weissenbornus
668 2189 706 2223 in
725 2188 869 2235 Encycl.
889 2190 981 2224 serie
998 2189 1030 2224 II
1047 2189 1117 2225 vol.
1136 2190 1182 2224 25
1201 2201 1234 2235 p.
1250 2189 1309 2235 47,
1330 2190 1531 2237 Spengelus

118 2243 155 2277 in
183 2243 372 2287 συναγωγὴ
399 2255 532 2287 τεχνων
559 2253 591 2288 p.
609 2241 728 2276 XXIV
755 2254 777 2277 a
810 2242 914 2287 1828,
950 2242 1158 2277 Niebuhrus
1194 2244 1232 2278 in
1263 2254 1306 2278 00
1331 2243 1433 2289 libro,
1470 2245 1532 2291 qui

118 2295 326 2331 inscribitur
355 2294 556 2341 „Vortrage
583 2295 674 2331 iiber
692 2294 766 2331 alte
786 2295 937 2331 (10001144
958 2295 990 2331 ΙΙ
1015 2308 1047 2342 p.
1067 2296 1137 2332 229
1156 2308 1187 2332 a.
1208 2296 1312 2342 1848,
1340 2273 1531 2334 Vahlenus

237 2395 256 2431 ¹)
280 2393 361 2424 conf.
384 2403 450 2432 cap.
465 2393 485 2423 9
506 2393 601 2423 libelli
623 2393 661 2423 de
681 2393 817 2424 Isocrate
839 2394 1014 2433 conscripti,
1037 2404 1065 2433 p.
1080 2394 1127 2431 67,
1142 2394 1179 2424 12
1199 2395 1245 2425 ed.
1267 2395 1319 2427 Us.
1341 2396 1484 2426 Raderm.

236 2439 256 2474 2)
279 2438 419 2476 Drerupii
447 2437 594 2467 editionis
622 2438 711 2467 vol.I
740 2438 858 2467 editum
887 2440 943 2474 est,
974 2448 1043 2468 cum
1066 2439 1144 2469 haec
1165 2440 1270 2469 omnia
1289 2440 1352 2469 iam
1374 2440 1529 2479 conscrip-

117 2481 273 2511 sissemus.
