1770 2749
735 116 982 150 -12-

148 212 355 258 ignorabat.
395 212 497 257 Quod
520 211 691 260 perfacile
717 212 798 248 fieri
823 212 954 260 potuit,
983 212 1159 259 quoniam
1175 214 1266 258 tum,
1295 224 1376 249 cum
1394 211 1565 249 falsarius

149 265 349 313 epistulam
375 266 590 313 composuit,
616 265 726 301 firma
748 265 930 313 quaedam
955 266 1104 302 traditio
1123 266 1168 302 de
1193 266 1290 312 illius
1315 267 1442 310 morte,
1461 266 1565 302 cuius

149 320 431 367 antiquissimus
465 319 573 355 testis
598 319 799 367 Dionysius
833 319 980 355 videtur
1014 330 1107 364 esse,
1144 319 1307 356 nondum
1333 321 1422 356 erat.
1472 318 1565 355 Eam

150 375 278 409 autem
303 373 431 409 fictam
459 384 540 409 esse
566 373 753 409 nonnullis
771 372 929 409 saeculis
946 373 1031 420 post
1047 373 1219 409 Isocratis
1237 375 1403 418 mortem,
1431 373 1565 420 quibus

149 426 375 473 temporibus
402 426 579 462 memoria
604 438 750 473 pugnae
777 426 926 462 minime
951 437 1079 462 recens
1105 427 1195 470 erat,
1222 427 1286 462 vix
1311 428 1368 463 est
1386 425 1564 462 credibile.

149 480 280 527 Itaque
298 478 568 527 adstipulamur
585 479 910 524 Wilamowitzio,¹)
938 480 999 526 qui
1017 479 1104 516 dicit
1121 480 1349 528 Dionysium,
1377 481 1565 516 auctorem

149 533 368 580 scriptorum
394 533 645 580 sermonisque
663 533 834 569 Isocratis
859 533 1131 580 peritissimum,
1157 532 1259 570 illam
1282 532 1480 581 epistulam
1497 535 1564 569 aut

149 598 221 623 non
257 586 407 623 novisse
444 588 522 633 aut,
553 586 590 622 id
617 586 714 634 quod
739 586 845 623 nobis
871 586 1103 623 verisimilius
1128 587 1275 624 videtur
1300 598 1392 633 esse,
1428 587 1476 623 ab
1501 586 1563 623 illo

149 640 393 677 abiudicasse.
435 642 490 677 Ac
514 641 716 677 rectissime
742 640 839 676 idem
864 641 920 676 vir
945 640 1179 677 doctissimus
1205 641 1349 677 monuit
1365 641 1562 687 Demetrio,

149 694 181 729 si
207 694 402 742 Aphareus
428 694 608 731 mentitus
634 696 743 740 esset,
771 694 948 742 optimam
974 694 1205 731 occasionem
1230 694 1358 731 datam
1383 707 1464 732 esse
1490 698 1563 731 Iso-

149 748 241 784 crati
266 748 509 785 maledicendi
534 748 788 795 mendaciique
811 747 910 784 illius
936 747 1178 785 convincendi
1203 760 1256 795 eo,
1293 748 1391 795 quod
1416 748 1562 796 quando

148 801 311 838 animam
339 801 527 838 efflaverit
552 805 722 837 accurate
748 801 934 838 indicavit.

251 855 501 892 Dissentimus
513 856 625 900 igitur
638 868 661 891 a
673 855 826 900 Blassio,
842 855 905 902 qui
917 855 973 891 ita
985 855 1137 892 iudicat:
1146 857 1169 901 ²)
1188 856 1277 902 „Die
1289 849 1564 901 Uberlieferung

147 909 265 945 bietet
290 909 330 945 in
356 909 434 945 sich
459 910 563 945 nicht
584 908 868 954 Unglaubliches
894 908 971 944 und
988 908 1370 956 Widersprechendes,
1398 908 1474 945 und
1500 909 1563 944 der

147 962 247 999 Brief
263 963 332 999 hat
348 974 443 1009 ganz
461 962 532 998 den
549 962 769 998 Anschein
789 962 890 999 eines
910 962 1041 999 echten
1059 962 1229 1008 Werkes3
1256 963 1337 999 eine
1354 962 1563 1007 Falschung

146 1016 197 1052 ist
222 1016 283 1052 bei
306 1017 410 1063 jener
436 1016 612 1060 denkbar,
640 1016 698 1052 bei
724 1015 862 1052 diesem
878 1028 949 1052 nur
966 1017 1140 1052 schwer.“
1181 1016 1415 1064 Quantopere
1434 1019 1562 1052 contra

147 1070 308 1116 epistula
334 1070 382 1106 ab
408 1070 506 1106 illius
532 1070 680 1117 ingenio
707 1072 745 1106 et
771 1072 849 1106 arte
876 1069 1037 1115 differat,
1063 1070 1158 1106 infra
1184 1070 1385 1117 apparebit.

266 1125 321 1160 Ac
354 1124 516 1171 spuriam
547 1135 629 1160 eam
656 1136 736 1160 esse
762 1123 987 1169 intellegitur
1011 1123 1096 1159 inde
1123 1135 1278 1171 quoque,
1314 1124 1411 1171 quod
1438 1125 1561 1159 utrum

145 1178 327 1214 Isocrates
345 1178 528 1222 habuerit,
547 1189 611 1213 cur
627 1179 821 1225 tantopere
836 1177 990 1213 victoria
1007 1177 1054 1213 ab
1072 1177 1133 1213 illo
1152 1177 1197 1212 de
1215 1177 1357 1213 civibus
1374 1178 1562 1224 reportata

146 1231 337 1278 gauderet,
364 1233 408 1267 ut
425 1231 543 1268 dicere
560 1233 696 1279 posset,
724 1242 819 1278 quae
837 1231 876 1267 in
893 1243 968 1278 par.
986 1230 1009 1267 6
1027 1230 1208 1278 epistulae
1224 1230 1409 1277 leguntur,
1436 1242 1561 1276 necne,

147 1285 344 1332 quaeritur.
397 1285 467 1329 Qui
502 1296 585 1321 cum
620 1285 755 1320 summi
790 1296 876 1330 erga
911 1285 1008 1320 cives
1043 1284 1177 1320 amoris
1209 1286 1318 1330 esset,
1354 1285 1442 1331 quin
1468 1285 1558 1330 tum,

146 1350 230 1374 cum
266 1350 328 1375 eos
358 1338 477 1375 victos
502 1338 682 1386 foedeque
708 1340 889 1374 tractatos
915 1350 997 1374 esse
1023 1338 1201 1386 accepit‚⁸)
1236 1337 1559 1375 vehementissime

145 1394 354 1429 commotus
381 1394 429 1429 sit
454 1404 649 1440 rerumque
675 1392 872 1429 veritatem
898 1392 1022 1428 subito
1049 1393 1271 1438 cognoverit,
1300 1392 1460 1429 dubitari
1485 1403 1560 1428 non

145 1448 279 1493 potest.
306 1447 373 1482 llla
391 1447 486 1482 enim
506 1448 648 1482 ratione
662 1446 870 1493 Philippum
887 1447 925 1481 in
944 1447 1043 1481 cives
1062 1445 1251 1481 consulere
1269 1448 1367 1481 certe
1381 1445 1558 1490 noluerat,

145 1499 279 1547 quippe
308 1500 369 1547 qui
396 1500 503 1547 quasi
530 1501 747 1535 occaecatus
773 1498 825 1534 nil
850 1499 922 1535 nisi
947 1510 1074 1546 pacem
1101 1498 1406 1546 clementiamque
1433 1499 1480 1535 ab
1497 1497 1559 1535 illo

145 1554 449 1601 exspectavisset.
492 1553 586 1589 Eum
612 1553 841 1599 benignitate
868 1555 907 1589 et
931 1553 1144 1590 innocentia
1160 1565 1270 1589 usum
1288 1552 1447 1589 Graecos
1464 1553 1561 1589 inter

145 1620 185 1644 se
221 1608 435 1644 conciliatos
466 1610 595 1644 contra
620 1607 754 1643 Persas
781 1607 975 1643 ducturum
1003 1618 1085 1643 esse
1111 1606 1275 1643 confisus
1301 1609 1389 1642 erat.
1441 1607 1559 1651 Quam

145 1672 219 1697 non
245 1673 284 1698 re
311 1673 411 1708 vera,
447 1673 542 1709 quae
568 1661 731 1706 volebat,
759 1660 885 1709 perfici
910 1662 1073 1710 possent,
1100 1672 1175 1698 non
1201 1660 1444 1708 intellexerat,
1472 1661 1559 1708 quia

146 1716 294 1752 minime
320 1717 398 1763 ipse
424 1728 496 1751 usu
521 1716 575 1751 rei
601 1716 769 1763 publicae
796 1714 1110 1751 administrandae
1136 1715 1331 1762 perdoctus
1359 1716 1446 1754 erat.
1485 1714 1555 1750 Sed

146 1770 199 1804 eis
226 1781 379 1816 quoque,
416 1781 511 1816 quae
538 1769 637 1805 cives
663 1768 780 1804 moliri
806 1768 967 1812 videbat,
1004 1780 1075 1804 non
1103 1768 1235 1804 leviter
1260 1769 1464 1804 commotus
1491 1769 1557 1804 est.

147 1821 217 1866 Qui
233 1824 381 1859 tantum
399 1823 539 1869 aberat,
559 1825 601 1858 ut
616 1834 743 1858 omnes
754 1834 884 1869 pacem
896 1822 1071 1867 facerent,
1090 1824 1134 1858 ut
1147 1833 1359 1869 supremum
1372 1823 1557 1858 certamen

145 1877 353 1922 pararent.⁴)

264 1929 390 1976 Neque
425 1931 483 1965 est
513 1929 658 1965 silentio
684 1929 991 1976 praetereundum
1025 1929 1128 1964 illum
1162 1940 1288 1964 senem
1322 1929 1448 1964 morbo
1482 1929 1556 1964 iam

145 1982 355 2018 confectum
380 1983 504 2028 fuisse⁷
540 1985 582 2019 ut
607 1982 779 2019 facillime
806 1982 938 2018 adduci
963 1985 1099 2030 posset,
1135 1984 1178 2018 ut
1203 1983 1357 2018 mortem
1384 1981 1453 2017 sibi
1478 1981 1556 2029 ipse

264 2081 285 2116 ι)
306 2080 399 2110 Arist.
421 2089 450 2110 u.
471 2080 545 2110 Ath.
565 2080 601 2116 11,
613 2080 680 2110 396.

262 2125 284 2161 2)
305 2124 384 2154 Mus.
405 2124 505 2153 Rhen.
526 2124 588 2154 vol.
602 2124 659 2153 XX
679 2133 708 2163 p.
725 2124 790 2153 114.

262 2170 283 2207 ²³)
305 2168 346 2199 cs.
367 2168 500 2207 Lycurg.
521 2168 552 2197 in
573 2168 680 2198 Leocr.
701 2167 832 2207 39sqq.;
855 2167 1013 2203 Schaefer,
1035 2167 1122 2197 Dem.
1143 2176 1173 2197 u.
1194 2176 1217 2197 S.
1239 2167 1269 2197 Z.
1290 2167 1417 2202 111‚1ff.

261 2214 283 2251 ⁴)
305 2213 347 2242 cf.
369 2212 502 2247 Curtius,
525 2212 574 2242 Gr.
589 2212 701 2241 Gesch.
716 2212 788 2247 111⁶,
800 2211 872 2247 701;
893 2211 1026 2246 Wilam„
1047 2212 1098 2241 Ar.
1113 2220 1143 2241 u.
1157 2210 1395 2247 Athen11‚396;
1417 2212 1554 2242 Blassius

142 2257 209 2295 ipse
230 2256 377 2287 concedit
397 2255 550 2285 eiusmodi
570 2264 669 2285 rerum
692 2255 810 2284 exitum
830 2255 955 2284 minime
976 2264 1015 2284 ex
1028 2255 1172 2285 Isocratis
1186 2255 1344 2285 sententia
1357 2255 1463 2291 fuisse,
1485 2264 1555 2285 cum

143 2301 219 2330 dicit
239 2301 329 2338 (Mus.
351 2300 411 2330 Rh.
433 2299 578 2336 20‚115):
610 2321 622 2334 „
640 2321 647 2328 .
663 2321 671 2328 .
686 2321 693 2328 .
714 2307 805 2328 wenn
826 2307 859 2327 cr
879 2298 960 2328 auch
982 2299 1031 2328 ein
1052 2294 1087 2328 ἑο
1108 2298 1242 2336 blutiges
1263 2298 1349 2330 Ende
1370 2299 1423 2329 der
1443 2299 1554 2329 Feind-

142 2345 324 2382 seligkeiten
353 2344 400 2374 als
428 2343 648 2383 patriotischer
668 2342 808 2373 Athener
828 2342 886 2372 ties
906 2342 1051 2381 beklagte
1073 2365 1080 2372 .
1103 2365 1109 2373 .
1131 2345 1155 2372 .“
1187 2359 1225 2364 —
1253 2343 1293 2373 cf.
1315 2343 1410 2373 etiam
1431 2343 1501 2374 Wil.
1522 2343 1554 2374 in

142 2388 243 2418 Herm.
264 2389 312 2425 33,
323 2388 383 2418 495
403 2389 513 2418 verba:
546 2387 661 2423 „Dabei
682 2387 796 2417 rechne
816 2387 867 2417 ich
889 2387 938 2417 die
959 2387 1102 2418 Schande
1123 2387 1205 2417 noch
1225 2397 1282 2425 gar
1302 2388 1391 2418 nicht
1410 2387 1477 2424 mit,
1505 2388 1554 2418 die

142 2433 300 2463 lsokrates
329 2442 368 2462 zu
395 2435 505 2471 tragon
534 2432 600 2465 hat.
632 2441 722 2461 wenn
750 2440 783 2461 er
810 2431 870 2461 den
896 2431 991 2470 jiihen
1019 2431 1110 2461 Sturz
1138 2432 1238 2461 seinos
1266 2432 1470 2463 Vaterlandes
1497 2432 1554 2461 mit

141 2477 280 2507 solchem
299 2477 390 2507 Jubel
411 2476 544 2515 begrfisst
564 2476 620 2506 hat
642 2498 649 2505 .
673 2500 679 2506 .
702 2479 725 2507 .“
750 2477 850 2515 etqus.
