1770 2749
718 123 960 158 ..23—

139 220 311 257 adnotat:
350 246 357 254 .
384 247 391 254 .
419 246 425 253 .
456 220 626 264 „hymba
661 219 819 255 welches
853 221 898 255 in
933 220 1111 255 diesem
1143 220 1288 255 Sinne
1316 219 1543 264 (angenehm,

139 272 291 318 hfibsch)
318 283 383 317 gar
407 272 510 307 nicht
535 272 710 319 poetiseh,
738 272 896 310 sondern
921 273 1090 309 idiotiseh
1115 272 1186 308 ist“
1208 301 1216 308 .
1234 300 1241 308 .
1260 300 1286 315 .,
1324 283 1398 307 non
1425 274 1482 307 est
1506 271 1546 307 in

139 329 276 375 aperto,
311 327 436 362 utrum
461 327 488 362 λ.
515 326 585 363 hoc
610 327 688 363 loco
715 327 894 373 significet
922 328 1160 374 „angenehm,
1196 326 1361 363 hiibsch“
1390 338 1440 362 an
1469 325 1544 363 tale

139 380 225 429 quid
265 379 402 426 „durch
434 379 529 415 Hiu-
568 380 644 416 und
676 381 929 427 Herbewegen
975 381 1202 417 raschelnd“.
1269 380 1398 427 Neque
1447 392 1543 424 vero,

139 446 221 471 cum
247 433 469 470 adieetivum
495 435 523 470 λ.
542 434 640 482 apud
655 434 847 471 Platonem
874 438 912 472 et
934 435 1169 472 Aristotelem
1186 435 1401 471 inveniatur
1425 445 1544 481 neque

139 489 302 525 alienum
328 488 377 523 sit
403 500 426 524 a
452 499 619 524 sermone
637 490 760 535 attico,
788 501 870 525 cum
887 489 1171 526 Wilamowitzio
1193 489 1384 534 faciemus,
1412 489 1475 535 qui
1490 488 1547 524 ita

104 560 105 563 ¹
141 543 422 586 argumentatur
429 543 468 586 ²):
498 541 691 588 „Idiotiseh
716 543 766 578 ist
783 554 833 589 es,
849 571 855 578 .
870 570 876 578 .
892 543 969 578 also
987 543 1077 590 passt
1095 554 1134 578 es
1151 543 1211 578 fiir
1223 541 1546 588 Jagergriechiseh,

137 595 240 632 nicht
264 595 322 631 fiir
342 595 559 632 Isokrates.“
599 595 679 632 Hoc
694 596 805 642 igitur
820 608 1012 632 monemus
1038 599 1201 633 oratores
1227 608 1303 633 non
1329 596 1543 632 adhibuisse

138 651 207 685 hoc
233 648 457 684 adiectivum
482 651 591 695 atque
619 661 702 685 eum
729 662 846 695 usum,
884 651 945 696 qui
974 652 1012 686 in
1038 651 1197 697 epistula
1223 651 1387 695 occurrit,
1415 651 1543 695 singu-

138 703 251 738 larem
278 714 359 738 esse
384 702 423 738 in
449 703 657 748 graecitate.

295 785 302 792 .
330 785 336 792 .
364 786 370 792 .
396 758 554 803 πλείστην
589 759 677 803 ἔχειν
710 759 907 804 παρρησίαν
934 786 940 793 .
968 787 974 793 .
1026 758 1067 793 Ι11
1102 758 1274 794 Isocratis
1312 758 1541 794 orationibus

138 810 247 846 dictio
281 824 316 845 π.
343 812 432 856 ἔχειν
470 822 545 846 non
582 811 776 846 invenitur.
826 812 860 846 IS
895 814 962 847 aut
993 813 1294 857 παρρησιάζεσθαι
1332 813 1375 846 ut
1413 812 1539 855 (1,34)‚

137 866 170 909 6,
182 864 238 899 72.
269 864 415 909 12,218.
446 864 560 910 15,1Ο
594 866 660 900 aut
692 879 726 900 π.
752 866 973 911 χρησάμενον
999 867 1104 910 εἰπεῖν
1131 867 1172 901 ut
1198 866 1231 911 9,
1245 865 1301 901 39.
1331 865 1445 910 16,22
1472 867 1540 901 aut

134 918 221 963 μετὰ
249 932 284 952 π.
302 920 476 953 ποιεῖσθαι
500 919 581 957 τοὺς
605 920 732 963 λόγους
758 921 800 954 ut
824 920 857 963 5,
868 919 914 953 72
941 919 1036 954 (licit.

257 970 481 1017 paragraphi
506 972 528 1006 5
563 971 757 1007 dictionem
796 974 830 1006 οῖ
861 973 926 1017 μὲν
952 974 1145 1017 ἀξιόχρεων
1169 973 1229 1007 τὸν
1260 974 1368 1017 ὄγκον
1394 973 1454 1007 τὸν
1478 977 1540 1017 τῆς

135 1028 254 1069 ψυχῆς
279 1026 415 1070 ἔχοντες
440 1024 486 1060 ab
512 1025 670 1060 Isocrate
697 1024 856 1060 alienam
882 1037 963 1061 esse
989 1025 1155 1060 Blassius
1180 1025 1360 1066 monuit.²)

257 1077 480 1124 paragraphi
499 1078 521 1113 6
540 1078 692 1113 verbum
718 1080 925 1124 ἐφέλκεσθαι
942 1079 981 1114 in
998 1079 1169 1114 Isocratis
1195 1079 1338 1125 seriptis
1364 1090 1439 1115 non
1457 1091 1539 1115 esse

135 1130 277 1167 Keilius
303 1130 324 1166 1.
341 1131 363 1166 l.
389 1133 487 1167 reete
514 1131 692 1179 exposuit.

326 1212 333 1220 .
361 1213 368 1220 .
393 1186 489 1230 παρὰ
506 1190 589 1220 πᾶσι
613 1190 683 1224 τοῖς
706 1187 898 1231 μονάρχοις
925 1214 931 1220 .
959 1215 966 1221 .
993 1214 1000 1221 .
1027 1213 1034 1221 .
1059 1188 1241 1232 μόναρχος
1263 1198 1337 1221 VOX
1354 1187 1540 1222 Isocratea

135 1249 208 1273 non
236 1240 303 1284 est,
332 1249 413 1274 eum
441 1239 654 1285 saepissime
678 1240 852 1284 μοναρχία
879 1239 1157 1274 substantivum
1182 1239 1336 1284 legatur.

257 1291 298 1326 In
336 1292 525 1328 vocabulis
563 1296 633 1327 τῶν
672 1294 806 1328 ἅπαντα
838 1293 903 1338 μὲν
928 1294 1018 1339 πρὸς
1051 1295 1163 1338 χάριν,
1197 1294 1310 1339 μηδὲν
1336 1295 1374 1329 δὲ
1399 1295 1540 1339 χάριτος

135 1347 232 1386 ἄξιον
257 1347 427 1390 λεγόντων
452 1348 549 1381 recte
582 1346 705 1395 haesit
729 1345 879 1390 Keilius,
915 1357 998 1381 eum
1031 1346 1094 1381 illa
1124 1347 1239 1382 verba
1272 1346 1402 1392 frigere
1438 1350 1476 1383 et
1500 1348 1540 1382 in

133 1398 194 1434 illo
233 1398 319 1434 lusu
361 1398 497 1446 aliquid
540 1410 669 1446 parum
708 1400 930 1435 Isoerateum
972 1400 1093 1435 inesse
1133 1400 1210 1436 coll.
1233 1401 1266 1445 4,
1281 1401 1350 1436 119
1393 1400 1538 1436 diceret.

133 1452 260 1499 Neque
288 1453 385 1488 enim
419 1465 508 1488 casu
543 1453 624 1488 fieri
649 1455 780 1500 potest,
815 1455 857 1488 ut
880 1454 997 1489 tribus
1023 1453 1110 1489 loeis
1137 1454 1263 1500 4,119.
1291 1455 1419 1498 8,101.
1446 1455 1537 1500 5,61

134 1505 263 1541 eodem
298 1507 478 1542 vocabulo
515 1508 618 1552 ἀρχὴ,
658 1506 756 1552 quod
794 1508 832 1542 et
866 1507 1054 1553 imperium
1089 1509 1126 1542 et
1160 1508 1305 1542 initium
1340 1508 1536 1553 significat,

134 1559 319 1595 efficiatur
335 1560 427 1596 haec
452 1560 578 1606 figura,
607 1571 700 1606 quae
719 1559 852 1605 dilogia
870 1560 1006 1596 dieitur.
1056 1560 1164 1596 Hunc
1181 1560 1304 1596 lusum
1329 1561 1535 1607 verborum,

133 1624 242 1659 quem
276 1625 350 1649 non
388 1614 545 1649 multum
582 1613 713 1660 leporis
748 1616 786 1649 et
819 1614 1010 1659 gravitatis
1044 1614 1217 1660 praebere
1243 1614 1399 1650 Hennus
1407 1616 1431 1659 ³)
1458 1616 1536 1651 iure

133 1666 285 1711 monuit,
313 1678 498 1713 perraram
516 1678 597 1702 esse
614 1667 653 1702 in
670 1667 841 1702 Isocratis
859 1667 1083 1703 orationibus
1101 1668 1175 1702 iam
1188 1667 1362 1702 Blassius
1373 1668 1534 1713 docuit.⁴)

249 1719 291 1754 In
315 1731 388 1767 par.
408 1721 430 1756 7
455 1720 577 1756 verbis
602 1721 661 1755 καὶ
685 1723 805 1766 μεῖζον
831 1723 973 1766 ἴσχυσαν
998 1723 1119 1756 αἰτῶν
1135 1722 1310 1767 τυχόντων
1328 1722 1537 1766 ἀνθρώπων

131 1774 309 1808 κολακεῖαι
343 1774 437 1809 duae
470 1785 528 1809 res
562 1774 704 1819 insunt,
745 1786 839 1821 quae
874 1775 1070 1810 offendant.
1132 1775 1248 1810 Dictio
1283 1775 1381 1810 enim
1415 1777 1537 1821 μεῖζον

132 1828 260 1873 ἰσχύειν
292 1827 361 1863 hoc
394 1826 470 1863 solo
503 1827 581 1863 loco
609 1829 747 1874 exstat3
782 1829 815 1873 ’7,
831 1828 876 1865 61
903 1828 1049 1874 legitur:
1084 1830 1216 1874 ἴδοιμεν
1240 1831 1283 1864 ἂν
1307 1831 1391 1875 παρ’
1419 1831 1537 1868 αὐτοῖς

131 1882 192 1920 τὰς
209 1882 364 1927 ἰσότητας
381 1882 440 1916 καὶ
455 1882 516 1921 τὰς
533 1883 740 1928 ὁμοιότητας
756 1884 913 1928 μᾶλλον
931 1885 952 1929 ἢ
966 1884 1061 1929 παρὰ
1079 1887 1148 1922 τοῖς
1166 1884 1279 1922 ἄλλοις
1296 1884 1535 1929 ἰσχυούσας.

131 1934 327 1971 Praeterea
352 1936 515 1970 κολακεία
541 1947 615 1971 vox
641 1936 740 1982 apud
765 1936 961 1972 Isocratem
987 1936 1086 1972 nullo
1111 1937 1187 1972 loco
1213 1936 1380 1972 traditur.

247 1988 301 2024 De
327 2000 401 2036 par.
419 1989 441 2024 8
466 1988 559 2024 haec
584 1991 674 2025 sunt
699 1989 866 2026 dicenda:

248 2071 255 2077 .
270 2070 276 2077 .
292 2071 299 2078 .
316 2045 492 2088 προςιέναι
510 2044 761 2089 διανοούμενος
782 2045 945 2090 ὀκνηρῶς
966 2045 1054 2090 εἶχεν
1072 2073 1079 2078 .
1095 2072 1101 2078 .
1117 2072 1123 2078 .
1143 2043 1364 2080 adieetivum
1383 2046 1536 2091 ὀκνηρὸς

131 2095 228 2142 apud
253 2096 449 2132 Isocratem
475 2108 549 2132 non
575 2098 742 2142 occurrit;
769 2098 1043 2133 substantivum
1069 2100 1173 2136 ὄκνος
1198 2097 1332 2142 legitur
1359 2100 1391 2142 1,
1404 2099 1436 2135 7.

249 2178 255 2185 .
283 2179 290 2185 .
318 2179 325 2185 .
350 2151 431 2189 τοὺς
456 2151 543 2196 ὑπὲρ
569 2150 675 2186 αὑτὸν
700 2152 802 2190 ὄντας
829 2180 835 2186 .
864 2180 870 2186 .
898 2180 905 2186 .
931 2152 1023 2187 haec
1048 2151 1155 2186 dictio
1183 2151 1267 2186 εἶναι
1293 2153 1381 2198 ὑπέρ
1398 2166 1470 2188 τινα
1497 2153 1534 2188 111

247 2262 267 2299 ¹)
289 2262 420 2292 Hermae
440 2263 500 2292 vol.
515 2262 555 2292 33
574 2271 603 2300 p.
617 2262 685 2293 493.

248 2306 269 2344 ⁴²)
290 2307 356 2337 Att.
371 2307 439 2337 Ber.
454 2306 494 2336 11²
513 2306 572 2336 329
592 2306 682 2337 Anm.
697 2309 725 2338 7.

245 2351 267 2431 33
289 2350 1382 2434 ssffii.Rsst.¹ii2‘1¹¹7‘³23.‘'“³1'12¹⁵³1{{2‘3⁴313asfss¹ifissf¹¹1¹ffiess¹tm53{af'ffiffsta'
1407 2406 1454 2434 ep.
1474 2396 1502 2432 e,
1514 2397 1534 2426 3

128 2436 333 2467 Schneiderus
364 2438 414 2476 (ad
441 2438 469 2474 4,
483 2437 550 2476 119)
582 2438 714 2468 eundem
744 2439 854 2475 lusum,
887 2439 938 2478 qui
964 2448 1011 2477 ep.
1025 2438 1084 2473 4,ss
1115 2440 1258 2476 occurrit,
1292 2441 1394 2470 inesse
1424 2440 1533 2470 iniuria

127 2480 291 2513 adnotant.
312 2482 343 2511 id
364 2482 448 2521 quod
469 2491 486 2511 e
507 2482 582 2512 loeis
602 2482 684 2512 inter
703 2492 772 2513 sese
792 2483 978 2522 comparatis
999 2485 1138 2521 apparet.
