1770 2749
727 90 972 126 -52,ἡ

260 187 302 223 In
329 199 377 223 or.
395 187 457 232 2‚4
492 187 671 223 Isocrates
710 186 754 223 de
793 188 962 235 tyrannis
1001 199 1199 234 eorumque
1237 187 1403 235 potentia
1440 189 1554 225 verba

141 240 243 276 facit.
287 240 377 277 Cum
403 240 477 276 alia
502 242 583 276 tum
600 240 670 277 hoc
695 241 846 288 exponit
864 241 1000 277 multos
1017 241 1196 285 homines,
1224 240 1311 288 quia
1328 240 1429 277 haud
1445 243 1554 289 pauci

143 294 295 341 tyranni
319 295 488 341 potentia
521 293 618 330 male
652 294 711 330 usi
745 294 831 339 sint,
867 294 1046 340 dubitare,
1081 296 1206 330 utrum
1230 294 1472 341 praeferenda
1505 296 1555 332 sit

143 347 226 384 vita
258 349 500 395 tyrannorum
533 359 583 384 an
616 347 862 395 privatorum3
900 347 1004 384 addit
1037 349 1163 384 autem
1197 347 1345 395 aliquid,
1385 347 1484 395 quod
1515 349 1553 385 in

145 401 306 449 epistula
319 401 423 438 deest
435 402 641 450 summique
655 401 833 439 momenti
846 403 917 439 est:
943 405 1014 438 τῶν
1031 403 1284 439 ἰδιωτευόντων
1299 403 1374 449 μὲν,
1393 403 1553 443 ἐπιεικῶς

143 457 182 492 δὲ
207 456 440 502 πραττόντων.
490 454 558 492 Illa
591 457 719 493 autem
744 456 859 492 verba
884 457 1044 496 ἐπιεικῶς
1070 457 1109 492 δὲ
1132 457 1355 503 πραττόντων
1380 455 1451 493 hoc
1474 456 1553 493 loco

143 522 187 546 eo
221 510 339 556 magis
372 509 508 557 requiri
545 510 653 546 nobis
687 509 876 557 videntur,
920 510 1007 558 quia
1043 510 1147 546 initio
1186 510 1296 546 huius
1334 510 1554 558 paragraphi

143 563 276 600 dicitur
310 563 355 599 de
390 563 454 609 eis,
490 564 554 611 qui
578 565 716 600 temere
742 564 878 601 vivunt
903 566 961 609 (τὶς
985 569 1056 600 τῶν
1082 567 1157 611 εἰκῇ
1183 567 1247 610 ζῆν
1270 566 1553 611 προῃρημένων).

142 617 341 654 Praeterea
375 616 571 663 singularis
606 619 665 653 est
699 617 907 654 coniunctio
942 629 1231 666 synonymorum
1263 619 1490 664 αἱρετώτερος
1515 621 1554 654 et

140 673 295 718 βελτίων.
806 677 809 680 ’

264 725 307 761 In
331 725 455 761 verbis
482 736 577 772 quae
603 727 808 772 sequuntur
834 736 888 773 ep.
905 725 1012 771 6,11:
1045 726 1106 765 τὰς
1130 727 1231 772 τιμὰς
1256 727 1378 772 ἡδίους
1402 727 1554 772 ἠγοῦμαι

141 779 203 819 τὰς
228 780 265 815 ἓν
289 784 362 819 ταῖς
386 780 569 830 πολιτείαις
590 781 612 826 ἢ
629 780 692 819 τὰς
709 781 746 815 ἓν
762 784 835 819 ταῖς
851 781 1069 826 μοναρχίαις,
1097 779 1315 827 quibuscum
1333 778 1554 816 conferenda

142 835 232 868 sunt
265 833 379 869 verba
413 844 487 879 par.
505 834 542 868 9:
576 835 724 878 ποτέρας
757 837 828 868 τῶν
862 837 973 878 τιμῶν
998 835 1183 879 ἀγαπῆσαι,
1217 834 1278 872 τὰς
1302 835 1382 879 παρ’
1400 835 1554 869 ἑκόντων

142 887 348 932 γιγνομένας
373 888 394 933 ἢ
420 887 481 926 τὰς
505 887 579 933 παῤ
606 887 780 922 ἀκόντων,
800 890 871 922 τῶν
895 887 1056 928 πολιτῶν,
1091 886 1233 923 auctori
1259 885 1439 934 epistulae
1464 888 1553 923 ante

143 940 267 977 oculos
301 941 440 977 versati
475 943 564 977 sunt
596 940 667 976 loci
692 941 725 987 2,
736 941 784 977 30
814 943 852 977 et
878 942 935 985 10,
947 941 1044 989 3516.
1096 940 1235 985 Quibus
1261 941 1300 976 in
1326 941 1553 978 orationibus

141 994 257 1030 verba
281 994 397 1030 multo
424 995 542 1039 magis
567 995 760 1042 perspicua
777 996 815 1030 et
832 995 949 1040 magis
967 994 1112 1030 rhetore
1129 994 1189 1030 illo
1209 994 1320 1040 digna
1336 996 1425 1030 sunt
1442 1006 1553 1042 quam

141 1048 179 1083 in
214 1047 383 1095 epistula,
420 1047 525 1084 cuius
559 1049 689 1085 auctor
721 1047 831 1084 nimis
864 1048 903 1084 in
937 1048 1152 1085 universum
1178 1050 1215 1084 et
1241 1048 1320 1084 sine
1347 1044 1475 1094 colore,
1510 1051 1553 1085 ut

141 1102 197 1138 ita
222 1101 352 1148 dicam,
379 1102 495 1138 verba
519 1101 646 1147 facit.¹)

264 1155 430 1203 Denique
448 1155 559 1192 liceat
576 1155 709 1192 afferre
728 1156 774 1192 ad
794 1167 847 1204 ep.
861 1156 951 1202 6,12
966 1156 1057 1192 duos
1070 1155 1179 1202 locos,
1198 1167 1289 1203 quos
1302 1168 1379 1192 una
1393 1168 1476 1193 cum
1489 1156 1553 1201 2,5

142 1211 272 1246 auctor
297 1209 478 1257 epistulae
504 1210 672 1246 imitatus
698 1222 780 1246 esse
807 1210 959 1247 videtur.
1011 1210 1107 1247 Sunt
1133 1212 1258 1246 autem
1285 1211 1318 1256 2,
1329 1210 1393 1246 35:
1424 1212 1552 1257 θεώρει

139 1264 182 1298 τὰ
209 1264 395 1310 γιγνόμενα
421 1265 480 1298 καὶ
504 1265 544 1299 τὰ
571 1266 808 1310 συμπίπτοντα
833 1265 892 1299 καὶ
917 1269 987 1303 τοῖς
1012 1265 1163 1304 ἰδιώταις
1193 1265 1253 1300 καὶ
1277 1269 1349 1304 τοῖς
1373 1266 1553 1310 τυράννοις

142 1319 181 1353 et
207 1317 264 1362 10,
276 1317 337 1353 36:
372 1319 416 1352 οὗ
450 1318 517 1364 γὰρ
552 1319 672 1363 ὥσπερ
706 1319 815 1364 ἕτεροι
840 1318 921 1357 τοὺς
945 1319 1010 1364 μὲν
1034 1319 1166 1357 πόνους
1199 1319 1316 1358 ἄλλοις
1340 1320 1552 1364 προςέταττε,

141 1376 214 1406 τῶν
240 1372 277 1406 δ’
304 1372 446 1416 ἡδονῶν
473 1372 578 1410 αὐτὸς
602 1372 714 1417 μόνος
739 1373 919 1412 ἀπέλαυεν,
947 1372 1032 1406 ἀλλὰ
1057 1372 1137 1410 τοὺς
1152 1372 1219 1418 μὲν
1235 1373 1420 1411 κινδύνους
1445 1373 1554 1411 ἶδίους

141 1426 298 1465 ἐποιεῖτο,
324 1425 384 1463 τὰς
411 1426 447 1459 δ’
474 1426 645 1470 ὠφελείας
670 1426 798 1460 ἅπασιν
823 1427 871 1464 εἶς
895 1425 933 1460 τὸ
959 1425 1079 1460 κοινὸν
1104 1426 1281 1461 ἀπεδίδου.
1323 1425 1389 1461 His
1408 1437 1553 1473 quoque

140 1478 230 1514 locis
266 1477 401 1514 artifex
434 1477 495 1515 ille
521 1477 629 1514 facile
655 1479 894 1524 cognoscitur.
945 1478 1014 1523 Qui
1040 1478 1230 1515 commoda
1261 1481 1299 1516 et
1322 1478 1553 1516 incommoda

140 1531 348 1580 tyrannidis
374 1544 450 1568 non
476 1532 595 1568 solum
621 1534 823 1578 enumerat,
859 1534 902 1568 ut
936 1532 1116 1580 epistulae
1150 1535 1288 1578 auctor,
1324 1533 1389 1569 sed
1423 1533 1552 1581 ampli-

139 1586 230 1622 sicat
256 1587 294 1622 et
320 1588 476 1622 exornat
501 1587 570 1622 has
602 1586 900 1623 enumerationes
935 1586 1138 1623 enuntiatis
1165 1587 1370 1627 ,artificiose
1404 1599 1552 1635 compo-

140 1640 232 1676 sitis.
281 1640 478 1676 Praeterea
504 1641 556 1676 eis
583 1651 728 1687 quoque
751 1640 914 1684 vocibus,
942 1640 1075 1687 quibus
1092 1642 1247 1688 utroque
1263 1640 1343 1677 loco
1361 1640 1553 1677 commoda

140 1695 179 1728 et
203 1692 434 1729 incommoda
459 1692 666 1740 tyrannidis
693 1693 957 1738 significantur,
983 1695 1150 1729 auctores
1169 1693 1436 1740 quodammodo
1457 1695 1553 1730 inter

140 1758 222 1782 sese
249 1746 436 1783 differunt.
487 1746 529 1782 In
555 1746 714 1794 epistula
735 1746 870 1792 legitur
886 1758 960 1782 vox
977 1748 1138 1788 ἐξουσίαι,
1163 1759 1228 1795 pro
1246 1759 1320 1794 qua
1337 1748 1402 1793 2‚5
1429 1749 1468 1784 et
1484 1747 1552 1793 2,8

140 1799 336 1836 adhibetur
361 1812 436 1836 vox
463 1802 665 1837 δυναστεῖαι.
715 1801 770 1836 Ac
795 1812 859 1848 pro
885 1801 966 1840 τοὺς
990 1802 1161 1841 πλούτους
1196 1802 1239 1847 (2,
1249 1802 1283 1846 5)
1319 1801 1380 1837 vel
1403 1813 1467 1849 pro
1493 1801 1553 1840 τὰς

141 1855 312 1900 ὠφελείας
339 1854 408 1900 (10,
420 1854 477 1900 36)
505 1856 634 1891 auctor
659 1854 840 1902 epistulae
867 1855 1060 1901 usurpavit
1084 1866 1212 1891 vocem
1228 1857 1268 1891 τὰ
1286 1856 1407 1902 κέρδη.
1441 1854 1552 1891 Cuius

140 1907 311 1944 vocabuli
336 1908 487 1955 pluralis
513 1910 659 1955 praeter
679 1908 735 1953 14,
746 1908 794 1943 24
811 1908 850 1944 in
864 1908 1090 1945 orationibus
1104 1909 1273 1954 genuinis
1286 1920 1362 1945 non
1380 1909 1552 1954 occurrit;

139 1961 273 2008 legitur
306 1963 433 1998 autem
470 1962 569 2007 1,21.
620 1961 786 1998 Plurales
820 1973 952 1998 vocum
985 1964 1134 2003 πλοῦτος
1161 1964 1199 1999 et
1224 1964 1376 2010 ὠφέλεια
1403 1962 1550 2010 saepius

139 2016 389 2061 inveniuntur,
427 2018 470 2052 ut
507 2018 562 2051 πλ.
590 2016 669 2062 7,4:
712 2020 783 2055 τοῖς
819 2016 885 2061 μὲν
922 2017 1083 2056 πλούτοις
1120 2018 1180 2052 καὶ
1216 2022 1291 2056 ταῖς
1330 2018 1550 2055 δυναστείαις.

138 2069 227 2114 4,5l
264 2069 305 2104 τὰ
338 2070 404 2114 μὲν
437 2071 583 2115 σώματα
618 2070 675 2105 διὰ
709 2070 790 2108 τοὺς
822 2070 995 2109 πλούτους
1027 2076 1237 2116 τρυφῶντες,
1271 2071 1331 2110 τὰς
1365 2071 1404 2106 δὲ
1433 2070 1552 2116 ψυχὰς

140 2123 196 2158 διὰ
231 2123 292 2162 τὰς
324 2125 519 2169 μοναρχίας
551 2123 712 2162 ταπεινὰς
745 2124 804 2158 καὶ
829 2124 995 2168 περιδεεῖς
1020 2126 1172 2170 ἔχοντας.
1222 2123 1350 2169 4,182.
1376 2124 1411 2170 8,
1423 2125 1455 2160 7.
1473 2123 1550 2159 117.

143 2176 291 2222 12,196.
319 2178 358 2211 et
383 2178 453 2221 ῶφ.
480 2178 523 2212 ut
552 2177 718 2222 11‚3.22.
748 2176 869 2222 10,36.
896 2176 952 2212 67.
978 2177 1080 2222 7,55.
1105 2177 1209 2222 4,15.
1235 2177 1293 2213 29.
1323 2177 1391 2213 173
1428 2179 1550 2223 (oppo-

260 2318 281 2354 ι)
300 2317 460 2347 Muensch.
482 2325 552 2346 cum
573 2317 648 2346 dicit
667 2318 686 2346 l.
702 2317 720 2346 l.
742 2326 771 2355 p.
786 2316 840 2346 46:
869 2317 999 2347 niemals
1020 2318 1111 2348 hatte
1131 2318 1287 2348 Isokrates
1306 2316 1374 2347 πολ.
1401 2318 1466 2347 und
1484 2326 1550 2354 μον.

139 2361 186 2390 als
207 2361 403 2399 Gegensitze
423 2360 606 2399 gebraucht,
632 2361 691 2391 wie
712 2360 780 2390 hier
799 2361 817 2398 ἓ
833 2360 867 2389 11
896 2361 987 2398 (auch
1008 2361 1058 2391 die
1070 2373 1102 2399 μ.
1123 2362 1165 2391 ist
1184 2362 1249 2391 ihm
1270 2371 1296 2392 e.
1316 2360 1459 2396 πολιτεία,
1481 2360 1550 2390 coll.

139 2404 169 2434 11.
191 2404 313 2440 12,132.
340 2405 425 2442 2,16,
455 2413 518 2435 non
546 2404 643 2434 habet
669 2413 727 2434 nos
755 2406 961 2435 assentientes
989 2405 1057 2436 coll.
1080 2405 1190 2441 4,125:
1218 2405 1282 2437 ταῖς
1310 2405 1365 2443 μὲν
1390 2403 1550 2434 πολιτείαις

139 2446 305 2485 πολεμοῦσι,
326 2448 377 2479 τὰς
398 2447 429 2477 δὲ
448 2448 608 2487 μοναρχίας
628 2449 862 2486 συγκαθιστᾶσιν.
