1770 2749
674 148 916 184 -47-

95 243 240 291 Reliqui
257 245 498 292 epistularum
514 245 583 282 loci
600 257 683 281 cum
708 258 780 282 usu
796 246 978 282 Isocrateo
997 247 1205 290 congruunt
1221 248 1265 280 ut
1282 246 1309 289 Ι,
1320 245 1353 281 9.
1378 244 1438 290 IV,
1449 245 1507 281 13.

95 295 172 342 VH,
186 298 240 333 12.
273 297 334 343 IX,
349 298 402 334 12.
434 298 525 343 VIII,
538 299 594 335 10.
656 299 844 335 Differunt
881 301 1008 335 autem
1046 298 1118 334 duo
1157 297 1399 346 epistularum
1423 297 1507 334 loci:

96 353 242 398 praeter
265 351 365 388 hunc
382 363 436 399 ep.
453 351 612 399 V111‚10‚
639 352 703 400 qui
726 352 782 389 ita
806 352 953 398 legitur:
978 353 1029 399 μὴ
1056 353 1258 398 θαυμάζετε
1284 352 1321 387 δ’
1348 353 1452 387 εἶ....

214 432 221 440 .
249 431 267 440 .-
283 432 290 440 .
317 407 346 440 εἶ
370 407 505 450 πρέπον
537 408 585 445 εἰς
614 407 674 442 τὸν
698 408 803 452 λόγον
828 408 880 452 εἴη
907 433 914 441 .
942 433 949 440 .
976 434 983 440 .
1035 406 1352 442 Constructionem
1376 419 1434 450 πρ.
1461 407 1508 444 εἴς

94 472 125 493 τι
141 469 217 494 non
235 469 316 494 esse
335 470 381 494 ex
407 470 478 494 usu
495 459 677 496 Isocrateo
702 463 776 496 iam
793 459 1056 496 Muenscherus
1082 458 1103 495 l.
1117 459 1138 496 l.
1156 458 1310 495 monuit.
1344 458 1509 494 Persona

96 511 193 547 enim
214 511 276 548 vel
297 523 366 558 res,
394 524 506 559 quam
531 513 668 561 aliquid
693 513 808 558 decet,
835 513 883 550 ab
909 513 1068 549 Isocrate
1095 524 1239 560 semper
1256 512 1382 549 dativo
1400 511 1507 548 addi-

95 567 166 610 tur,
200 567 244 601 ut
269 566 327 611 18,
346 566 403 601 26.
431 566 488 611 10,
502 566 559 603 23.
574 568 630 603 66.
654 567 761 613 4,71.
779 567 857 604 189.
883 567 917 612 2,
933 566 990 602 34.
1017 567 1062 611 (1,
1078 567 1134 602 15.
1147 566 1216 612 44.)
1243 566 1276 611 6,
1292 566 1349 602 90.
1376 566 1434 611 15,
1450 565 1506 602 74.

97 619 153 655 77.
172 618 253 655 321.
288 619 321 666 3,
343 620 398 656 10.
433 621 466 666 5,
487 620 543 657 24.
557 621 614 658 79.
629 621 708 657 110.
746 621 799 667 12,
813 621 871 658 27.
886 622 966 657 117.
984 621 1062 657 183.
1076 620 1157 657 266.
1193 620 1291 668 (Epp.
1309 620 1390 666 2,1.
1423 620 1457 666 6,
1473 620 1506 656 2.

96 672 129 719 5,
144 673 176 709 3.
202 673 236 719 8,
251 674 294 719 9.)

212 727 251 762 τὸ
287 728 325 762 δὲ
355 728 414 763 καὶ
438 729 613 773 προειδὼς
638 757 645 764 .
673 756 681 764 .
708 759 715 765 .
740 730 978 775 προςλάβοιμι.
1028 728 1190 764 Verbum
1211 729 1506 774 apos-Zaussdvew

95 791 218 816 rarum
253 782 310 817 est
343 781 442 826 apud
474 782 686 828 Isocratem3
719 782 758 818 in
788 783 1013 819 orationibus
1039 783 1207 827 genuinis
1231 782 1384 818 recurrit
1406 781 1442 826 4,
1457 781 1506 817 94

95 834 236 881 proprio
262 846 387 870 sensu:
413 837 445 870 εἰ
466 836 505 871 τὸ
521 841 582 881 τῆς
597 837 735 875 πόλεως
751 837 944 882 προσλάβοι
961 837 1130 872 ναυτικόν.
1169 835 1373 880 Translate,
1392 836 1436 870 ut
1452 835 1506 870 ita

97 886 227 933 dicam,
254 889 398 935 praeter
413 888 512 925 hune
529 888 648 925 locum
664 890 884 936 usurpatum
901 890 1027 925 exstat
1043 889 1082 924 in
1098 889 1341 925 Demoniceae
1358 899 1426 936 par
1446 888 1504 924 18:

97 943 120 976 ἃ
147 942 185 977 δὲ
209 942 259 988 μὴ
285 944 510 989 μεμάθηκας,
535 944 785 988 προσλάμβανε
808 948 880 982 ταῖς
905 944 1114 989 ἐπιστήμαις.

212 1025 220 1032 .
239 1023 246 1031 .
265 1025 272 1032 .
289 996 328 1031 τὸ
345 1000 487 1039 πρῶτον
510 996 763 1042 ἐπιφερόμενον
780 998 818 1031 ἓν
835 1000 905 1031 τῶν
921 998 1192 1042 τεθρυλημένων
1208 997 1306 1031 ἐστίν.
1341 995 1505 1031 Verbum

96 1050 188 1095 ἕπιφ.
222 1049 292 1086 hoc
324 1049 403 1086 loco
435 1050 473 1086 vi
498 1049 546 1086 ab
572 1049 742 1086 Isocratis
768 1061 934 1086 sermone
961 1049 1225 1097 quodammodo
1251 1049 1373 1085 aliena
1398 1049 1502 1085 adhi-

94 1102 214 1139 bitum
244 1103 316 1148 legi
340 1102 603 1139 Muenscherus
629 1103 689 1138 1.l.
707 1105 804 1138 recte
831 1103 974 1146 statuit,
1001 1115 1083 1138 cum
1110 1103 1202 1138 dixit
1226 1104 1319 1148 ἑπιφ.
1337 1114 1418 1138 esse
1437 1104 1504 1138 aut

96 1156 349 1202 „vorwerfen“
395 1157 438 1192 ut
471 1157 504 1201 5,
519 1156 576 1193 76.
613 1156 670 1201 12,
685 1156 751 1202 99,
796 1156 844 1192 ad
882 1168 974 1203 quos
1011 1156 1109 1192 locos
1148 1155 1328 1192 accedunt
1364 1156 1502 1201 8,101.

98 1210 153 1255 15,
174 1209 255 1246 237.
274 1210 355 1245 245.
391 1210 551 1256 12,138,
588 1213 654 1246 aut
680 1210 992 1255 „heranbringen“
1026 1210 1167 1256 proprio
1203 1220 1314 1245 sensu
1348 1211 1391 1244 ut
1423 1209 1502 1254 9,1.

98 1262 153 1308 14,
168 1263 214 1299 61
246 1265 314 1299 aut
342 1263 503 1299 medium
529 1275 646 1309 genus
671 1263 879 1309 significare
905 1262 1069 1309 „folgen“
1097 1264 1153 1308 15,
1170 1263 1224 1298 11.
1273 1262 1352 1299 Hoc
1378 1264 1502 1298 autem

94 1315 172 1352 loco
198 1315 274 1352 fere
299 1317 393 1352 idem
418 1316 520 1353 valet
545 1319 657 1364 atque
683 1317 750 1363 „id,
777 1317 873 1364 quod
898 1317 1054 1364 primum
1080 1317 1254 1352 occurrit“
1282 1316 1429 1361 (Preuss).

213 1370 367 1407 Formae
393 1372 536 1417 generis
562 1371 702 1418 passivi
726 1371 829 1407 verbi
854 1372 996 1417 θρυλεῖν
1021 1371 1060 1406 in
1086 1370 1313 1407 orationibus
1334 1370 1502 1406 Isocratis

95 1436 171 1460 non
195 1424 381 1471 leguntur3
408 1426 570 1461 activum
595 1437 711 1471 genus
737 1426 863 1461 exstat
887 1425 921 1470 4,
936 1425 993 1461 89.
1020 1425 1078 1469 12,
1093 1424 1175 1461 237.

213 1478 293 1515 Par.
312 1479 349 1515 8:
374 1481 407 1514 τί
428 1484 480 1526 τῷ
505 1480 601 1526 λόγῳ
626 1480 685 1515 καὶ
709 1484 779 1519 τοῖς
803 1484 865 1515 τοῦ
890 1480 996 1525 λόγου
1023 1481 1141 1525 μέρεσι
1159 1480 1389 1525 διαπρακτέον
1406 1480 1501 1514 ἐστίν.

97 1532 211 1569 Verbi
237 1534 353 1579 ὄιαπρ.
380 1534 528 1580 passivo
547 1545 679 1579 genere
697 1534 874 1570 Isocrates
891 1544 972 1569 raro
991 1533 1108 1569 utitur
1126 1534 1194 1577 (17,
1210 1534 1255 1569 21
1276 1534 1502 1577 διεπέπρακτο

96 1588 135 1622 et
167 1587 202 1631 7,
218 1586 264 1622 63
302 1588 573 1633 διαπέπρακται).
627 1586 755 1634 Neque
782 1586 1013 1632 coniungitur
1037 1587 1076 1622 in
1102 1586 1327 1622 orationibus
1351 1586 1502 1622 verbum

96 1641 126 1677 ὃ.
161 1651 243 1676 cum
278 1639 404 1676 dativo
430 1640 703 1677 instrumentali
729 1641 791 1687 qui
816 1640 957 1687 dicitur,
985 1642 1028 1677 ut
1052 1640 1121 1676 hoc
1145 1640 1224 1677 loco
1251 1642 1289 1676 et
1314 1652 1367 1688 ep.
1385 1639 1426 1684 H,
1445 1640 1501 1675 15:

96 1695 354 1739 διαπράττονται
377 1699 449 1733 τοῖς
473 1696 598 1739 λόγοις,
625 1696 674 1730 ὅτι
699 1697 743 1730 ἂν
767 1696 1004 1740 βουληθῶσιν.
1042 1694 1178 1729 Iniuria
1203 1696 1330 1730 autem
1348 1705 1429 1729 cum
1445 1693 1502 1728 his

95 1747 182 1783 locis
208 1747 401 1783 Preussius
426 1747 465 1783 in
490 1748 608 1783 indice
635 1759 663 1783 s.
680 1760 714 1783 v.
733 1749 847 1794 ὅιαπρ.
866 1750 1055 1795 comparat
1070 1748 1105 1793 4,
1121 1748 1182 1783 59:
1199 1750 1259 1794 βίᾳ
1275 1752 1345 1783 τῶν
1362 1748 1502 1793 ἐχθρῶν

97 1802 233 1836 ἅπανθ’
258 1802 353 1836 ὅσων
375 1802 505 1847 ἐδεήθη
533 1803 813 1847 διαπραξάμενος
830 1803 995 1847 ἀπῆλθεν.
1034 1802 1187 1837 Duobus
1212 1801 1299 1837 loeis
1325 1801 1502 1837 Isocrates

96 1854 189 1890 dixit
206 1855 320 1900 ὁιαπρ.
339 1855 395 1889 διὰ
414 1866 441 1891 c.
458 1866 504 1899 g.:
524 1854 557 1896 9,
568 1855 625 1890 37.
644 1855 794 1899 15,116.
819 1855 1046 1902 Praepositio
1067 1856 1122 1890 διὰ
1149 1867 1177 1891 c.
1195 1866 1268 1891 acc.
1294 1854 1502 1899 adiungitur

95 1907 147 1943 illi
171 1907 283 1943 verbo
313 1907 367 1954 15,
383 1908 464 1944 250.

214 1989 221 1996 .
248 1991 256 1998 .
283 1990 290 1996 .
326 1963 394 1998 ἔστι
428 1963 466 1998 δὲ
499 1967 601 1998 τοῦτο
627 1968 794 2010 στοιχεῖον
819 1964 879 1999 καὶ
903 1964 991 1999 κατὰ
1016 1968 1087 1999 τῶν
1113 1965 1229 1999 ἄλλων
1255 1965 1418 1999 ἁπάντων
1443 1963 1502 1997 καὶ

94 2017 183 2051 κατὰ
220 2019 290 2051 τῶν
327 2017 506 2063 ὑμετέρων
539 2019 766 2063 πραγμάτων.
824 2017 917 2053 Illud
950 2019 1037 2053 κατὰ
1073 2029 1386 2065 supervacaneum
1420 2027 1500 2052 esse

96 2069 172 2106 coll.
189 2069 268 2106 1000
294 2070 404 2116 2,16:
434 2075 540 2107 ταῦτα
566 2072 633 2118 γὰρ
659 2076 806 2118 στοιχεῖα
830 2076 954 2117 πρῶτα
979 2073 1039 2107 καὶ
1063 2074 1204 2118 μέγιστα
1230 2076 1380 2118 χρηστῆς
1404 2071 1499 2105 πολι-

94 2126 184 2163 τείας
209 2125 297 2159 ἔστὶν
327 2135 393 2159 suo
424 2125 501 2160 iure
527 2124 790 2161 Muenscherus
816 2127 855 2161 et
880 2125 1010 2162 Gratia
1034 2128 1264 2162 monuerunt.

211 2177 292 2213 Par.
316 2177 352 2213 9:
380 2206 386 2213 .
414 2206 422 2214 .
449 2206 456 2213 .
491 2180 594 2224 ὑμῶν
629 2180 745 2215 αὐτῶν
777 2184 967 2226 προστῆναι
993 2207 1000 2215 .
1026 2207 1034 2215 .
1061 2207 1068 2214 .
1099 2179 1216 2215 Dietio
1250 2180 1351 2224 ὑμῶν
1384 2178 1500 2212 αὐτῶν

94 2235 283 2278 προστῆναι
318 2231 392 2267 iam
426 2243 450 2267 a
483 2232 720 2269 Muenschero
747 2233 929 2278 castigata
956 2236 1022 2269 est.

211 2289 315 2320 ταῦτα
351 2286 389 2320 δὲ
420 2286 685 2332 διορισαμένους
711 2315 719 2322 .
746 2314 753 2322 .
780 2316 787 2323 .
838 2286 1001 2322 Verbum
1027 2288 1238 2332 διορίζεσθαι
1267 2285 1305 2320 in
1330 2284 1501 2320 Isocratis

96 2339 323 2375 orationibus
358 2350 441 2374 cum
474 2340 744 2387 praepositione
778 2341 857 2386 περὶ
891 2352 918 2376 c.
941 2352 1021 2386 gen.
1044 2340 1286 2385 coniungitur:
1320 2338 1354 2383 3,
1369 2338 1391 2373 5
1422 2340 1502 2384 περὶ

97 2394 244 2428 ἑκάστου
272 2394 492 2437 διορίζεσθαι.
531 2393 565 2437 3,
583 2393 631 2428 14
649 2395 864 2430 δικαιότατον
882 2395 920 2429 δὲ
936 2395 975 2430 τὸ
994 2396 1178 2440 διωρίσθαι
1194 2393 1272 2438 περὶ
1288 2393 1423 2428 τούτων
1442 2422 1449 2428 .
1468 2388 1475 2428 J
1494 2421 1501 2428 .

211 2445 292 2482 Par.
313 2446 376 2481 10:
402 2447 461 2481 καὶ
485 2450 608 2482 τοῦτον
631 2448 698 2494 μὲν
722 2448 782 2483 τὸν
803 2449 934 2494 τρόπον
956 2450 1138 2494 ζητοῦντες
1154 2447 1212 2482 καὶ
1228 2447 1503 2492 φιλοσοφοῦντες

95 2501 212 2547 ὥςπερ
238 2504 373 2536 σκοποῦ
399 2502 560 2546 κειμένου
586 2503 799 2547 στοχάσεσθε
823 2505 865 2548 τῇ
890 2507 1000 2548 ψυχῇ.
1035 2502 1157 2537 Verba
1182 2503 1292 2546 ζητεῖν
1317 2502 1376 2536 καὶ
1402 2503 1501 2547 φιλο-
