1770 2749
775 110 1020 145 -20—

193 206 248 251 15,
261 206 318 241 43.
348 207 404 251 12,
416 206 472 241 30.
483 206 564 242 261.
616 206 718 250 Quae
752 207 810 242 vis
845 207 1026 254 epistulae
1061 208 1140 244 loco
1175 220 1251 244 non
1284 209 1486 255 requiritur.
1537 209 1606 245 Hic

191 260 289 295 enim
317 271 399 295 cum
417 259 599 295 Herchero
617 259 820 296 vertendus
846 263 920 297 est:
947 261 984 296 id
1002 262 1185 297 coniciens
1203 273 1249 297 ex
1275 264 1343 298 tua
1359 261 1604 298 humanitate.

189 312 258 348 Illa
292 315 420 348 autem
454 314 678 349 constructio
718 314 821 349 verbi
859 328 906 350 οτ.
933 315 1180 350 usitatissima
1219 317 1276 351 est
1312 315 1352 350 in
1386 315 1604 361 graecitate;

189 366 379 402 invenitur
425 365 523 414 apud
562 366 861 414 Xenophontem,
902 368 1188 405 Demosthenem
1233 380 1291 416 qu.
1321 368 1357 413 f.,
1396 368 1602 414 Platonem,

189 419 437 466 Aristotelem,
466 420 672 468 Polybium,
691 421 941 468 Plutarchum,
970 422 1168 459 Diodorum
1186 422 1358 468 Siculum⁷
1388 422 1603 470 Dionysium

189 474 528 520 Halicarnasseum,
570 474 778 522 Philonem,
822 476 1041 519 Lucianum,
1086 476 1396 524 Ohrysostomum.
1463 476 1603 513 Horum

189 531 382 565 auctorum
408 528 597 565 nonnullis
619 529 708 566 locis
733 530 888 566 verbum
914 545 961 566 στ.
980 530 1167 577 significat
1192 531 1354 567 conicere
1380 530 1517 578 aliquid
1542 530 1604 567 vel

190 585 310 619 etwas
336 583 407 619 wie
435 584 493 618 ein
520 583 595 618 Zicl
621 596 666 619 zu
701 584 882 631 erspahen
908 584 1059 630 suchen,
1087 586 1243 630 erraten,
1271 584 1522 629 aussorschen,
1559 586 1603 620 ut

189 636 288 684 apud
313 636 506 673 Platonem
541 637 579 672 in
606 636 690 683 Leg.
711 639 730 672 1
749 649 789 684 ·p.
808 638 879 674 635
890 638 936 673 A:
979 643 1039 684 τῆς
1071 639 1147 682 τότε
1181 639 1336 678 διανοίας
1360 642 1422 674 τοῦ
1447 639 1603 678 τιθέντος

187 692 274 726 αὐτὰ
300 696 364 726 νῦν
382 693 542 730 ἐπιεικῶς
565 706 629 737 μοι
655 693 770 730 δοκεῖς
796 693 1019 737 ἔστοχάσθαις
1054 692 1153 738 apud
1170 692 1408 728 Plutarchum
1432 693 1471 727 in
1496 692 1602 729 Fabii

189 756 216 780 c.
239 744 298 780 10:
326 746 393 780 οὐκ
420 745 543 789 ὀρθῶς
560 745 808 790 στοχαζόμενοι
825 749 887 780 τοῦ
905 746 1037 790 ἀνδρός
1053 745 1074 781 i.
1089 756 1118 780 e.
1136 756 1212 781 non
1229 747 1329 781 recte
1348 745 1600 781 coniectantes

192 797 236 835 de
255 799 348 843 viro;
375 798 474 845 apud
491 798 593 834 alios.
634 797 705 834 Sed
724 798 894 834 omnibus
911 797 968 834 his
986 798 1074 835 locis
1093 800 1264 844 genetivo
1282 798 1330 845 id,
1354 798 1451 846 quod
1469 799 1601 846 aliquis

188 853 330 895 conicit,
359 852 582 899 exprimitur,
610 863 686 887 non
703 851 751 891 id,
772 863 817 887 ex
835 863 906 899 quo
926 852 1174 888 coniecturam
1192 852 1337 898 colligit.
1380 855 1461 890 Hoc
1474 855 1600 888 autem

188 905 336 942 additur
370 904 467 953 apud
494 905 697 953 Polybium,
731 905 848 942 tribus
874 905 963 942 locis
994 906 1264 954 praepositione
1291 908 1329 942 ἐκ
1357 908 1395 942 et
1421 918 1493 942 uno
1520 906 1599 942 loco

186 959 457 1007 praepositione
485 960 540 995 διὰ
576 971 603 994 c.
629 971 663 1006 g.
689 959 883 995 adiuncta:
926 960 1050 1007 Polyb.
1072 961 1107 1005 1,-
1133 960 1237 1004 14,2:
1276 961 1419 999 ἑκόντας
1443 961 1510 1006 μὲν
1536 960 1600 996 οὖν

186 1015 359 1059 ἐψεῦσθαι
384 1014 465 1052 τοὺς
490 1014 623 1058 ἄνδρας
648 1015 715 1059 οὐχ
741 1015 985 1060 ὑπολαμβάνω
1008 1015 1265 1060 στοχαζόμενος
1291 1015 1330 1049 ἐκ
1355 1018 1418 1049 τοῦ
1443 1015 1522 1060 βίου
1540 1015 1601 1049 καὶ

184 1072 244 1114 τῆς
270 1069 437 1113 αἱρέσεως
471 1069 596 1103 αὐτῶν.
652 1068 681 1113 1,
698 1067 802 1112 26,9;
845 1069 1104 1114 στοχαζόμενος
1139 1070 1178 1103 ἔκ
1208 1083 1243 1103 τε
1273 1072 1334 1103 τοῦ
1361 1072 1431 1103 τῶν
1456 1069 1599 1113 ἀνδρῶν

187 1123 247 1157 καὶ
271 1126 333 1156 τοῦ
359 1125 430 1156 τῶν
448 1125 538 1156 νεῶν
551 1122 721 1166 πλήθους.
761 1122 794 1166 6,
806 1122 839 1165 3,
851 1121 873 1156 2
899 1122 991 1168 τότε
1009 1122 1075 1166 γὰρ
1093 1123 1281 1167 ἐξαγγεῖλαι
1297 1123 1339 1156 τὰ
1358 1123 1600 1167 γινωσκόμενα

186 1176 319 1221 ῥᾴδιον,
344 1176 383 1210 τό
409 1189 443 1210 τε
468 1179 645 1219 προειπεῖν
670 1176 759 1220 ὑπὲρ
784 1179 846 1210 τοῦ
871 1176 1058 1221 μέλλοντος
1083 1176 1342 1221 στοχαζόμενον
1367 1177 1407 1210 ἐκ
1432 1179 1503 1211 τῶν
1528 1176 1598 1221 ἤδη

187 1230 384 1274 γεγονότων
409 1230 568 1274 εὐμαρές.

308 1282 374 1317 His
417 1282 647 1327 gravioribus
686 1283 913 1327 argumentis
951 1283 1104 1329 prolatis
1140 1282 1305 1327 singulas
1347 1283 1598 1330 paragraphos

186 1335 504 1384 pertractabimus.

308 1390 439 1436 Incipit
465 1389 623 1435 epistula
650 1401 673 1424 a
689 1390 903 1436 pronomine
929 1392 1009 1435 ἐγώ.
1061 1390 1165 1433 Quod
1190 1402 1391 1437 pronomen
1412 1391 1467 1425 ita
1492 1390 1597 1425 initio

184 1444 346 1491 positum
385 1454 569 1490 nusquam
608 1442 796 1479 invenitur
837 1443 875 1479 in
919 1443 1145 1479 orationibus
1183 1443 1354 1489 genuinis
1396 1454 1515 1490 neque
1557 1443 1596 1479 in

186 1497 355 1545 epistulis
381 1497 451 1533 hac
478 1498 516 1533 et
542 1497 653 1533 tertia
672 1497 845 1544 exceptis.
896 1496 976 1533 Hac
994 1499 1120 1533 autem
1145 1509 1183 1533 re
1211 1499 1379 1544 quartam
1397 1508 1596 1543 congruere

183 1563 265 1587 cum
293 1551 404 1587 tertia
431 1550 582 1596 dignum
609 1554 677 1595 est,
706 1551 803 1598 quod
820 1553 1003 1597 notemus,
1030 1552 1245 1598 praesertim
1273 1563 1354 1587 cum
1380 1552 1455 1587 iam
1484 1563 1596 1599 supra

185 1607 275 1652 (pa-g.
295 1605 351 1649 15)
380 1604 564 1640 simillima
590 1604 636 1640 de
662 1616 734 1640 usu
760 1604 933 1641 vocabuli
959 1606 1105 1651 γράφειν
1130 1606 1220 1650 πρός
1244 1619 1316 1640 τινα
1344 1605 1594 1641 statuerimus.

305 1658 503 1694 Praeterea
537 1658 764 1694 haerendum
803 1660 861 1694 est
899 1659 937 1694 in
973 1658 1163 1694 vocabulis
1197 1660 1322 1703 καίπερ
1350 1660 1595 1703 (ἑπι)κινὸύνου

182 1714 270 1756 παρ’
289 1714 373 1757 ἡμῖν
391 1714 490 1750 ὄντος
514 1740 520 1746 .
540 1740 546 1746 .
566 1739 572 1746 .
599 1711 749 1756 Legitur
766 1713 863 1747 enim
888 1712 927 1747 in
944 1711 1122 1747 Urbinate
1147 1713 1272 1757 καίπερ
1298 1713 1464 1747 κινδύνου
1483 1714 1595 1752 ὄντος,

183 1765 278 1811 quod
305 1764 495 1801 Bekkerus
530 1766 568 1800 in
594 1767 742 1800 textum
766 1766 914 1812 recepit,
950 1777 1033 1801 cum
1057 1765 1221 1810 vulgaris
1256 1765 1305 1801 sit
1334 1764 1443 1801 lectio
1469 1767 1595 1811 καίπερ

183 1820 402 1854 ἐπικινδύνου
431 1820 540 1857 ὄντος.
593 1818 756 1862 Quarum
795 1819 1110 1855 constructionum
1149 1821 1282 1855 neutra
1317 1821 1373 1855 est
1399 1818 1593 1855 Isocratea.

185 1873 241 1917 14,
255 1873 301 1908 38
327 1872 460 1918 legitur
477 1874 528 1911 ὡς
546 1874 707 1912 κίνδυνός
725 1874 802 1913 ἐστι,
828 1873 878 1919 μὴ
897 1874 1159 1919 μεταβάλωνται
1177 1901 1184 1908 .
1200 1901 1206 1908 .
1222 1901 1228 1908 .
1259 1873 1314 1916 16,
1326 1872 1373 1908 47
1393 1874 1413 1907 ὁ
1430 1873 1594 1912 κίνδυνός

181 1928 281 1967 ἔστιν,
309 1938 379 1973 quo
397 1928 524 1962 tamen
540 1926 619 1962 loco
637 1928 800 1965 κίνδυνος
813 1926 889 1962 fere
907 1926 1004 1962 idem
1022 1926 1124 1963 valet
1141 1939 1185 1963 ac
1203 1938 1316 1962 causa
1333 1926 1393 1962 vel
1410 1926 1594 1963 iudicium.

179 1980 416 2015 Adiectivum
450 1981 670 2019 ἐπικίνδυνος
706 1981 860 2016 occurrit
888 1980 943 2026 10,
955 1980 1015 2016 32;
1057 1981 1139 2019 τοὺς
1173 1981 1392 2015 ἐπικίνδυνον
1425 1980 1485 2014 τὸν
1515 1982 1594 2026 βίον

180 2039 250 2073 τοῖς
276 2034 391 2072 ἄλλοις
416 2035 655 2072 καθιστάντας.

304 2086 362 2121 Ad
388 2098 461 2132 par.
481 2086 503 2120 2
529 2086 622 2121 haec
648 2088 736 2121 sunt
762 2086 993 2122 adnotanda:

303 2141 522 2185 συσταθῆναί
554 2153 608 2174 σοι
644 2140 680 2174 δι’
702 2141 806 2184 ἡμῶν
833 2167 839 2173 .
868 2167 875 2174 .
909 2139 979 2174 hoc
1017 2139 1094 2174 solo
1133 2139 1211 2174 loco
1249 2139 1437 2174 invenitur
1474 2151 1593 2184 genus

178 2195 372 2241 passivum
398 2193 502 2228 verbi
528 2194 734 2228 συνιστάναι.

302 2275 309 2282 .
338 2275 344 2282 .
373 2275 380 2281 .
408 2248 460 2281 δι’
479 2248 609 2289 ἑτέρων
645 2247 847 2290 ε’ντετύχηκέ
873 2259 927 2280 σοι
954 2273 960 2280 .
988 2272 995 2279 .
1023 2273 1029 2280 .
1065 2245 1220 2280 verbum
1246 2247 1460 2291 ἐντυγχάνειν
1491 2247 1590 2293 apud

177 2300 376 2337 Isocratem
415 2299 586 2336 absolute
625 2301 845 2346 usurpatum
885 2298 1033 2345 saepius
1070 2298 1213 2344 legitur,
1253 2300 1296 2334 ut
1321 2300 1354 2344 4,
1366 2300 1422 2335 32.
1462 2299 1590 2344 5‚116.

178 2356 210 2397 ’7,
223 2356 280 2390 20.
291 2355 347 2390 83.
376 2356 432 2399 18,
443 2354 490 2389 36
518 2365 571 2400 ep.
592 2353 682 2397 7,12
710 2355 768 2396 (sc.
787 2354 893 2398 αὐτῷ)
921 2354 988 2387 aut
1014 2363 1096 2388 cum
1123 2352 1247 2388 dativo
1264 2353 1316 2388 rei
1342 2353 1588 2398 coniunctum,

176 2412 220 2444 ut
245 2408 372 2453 5,120.
415 2408 538 2452 13,15.
575 2407 699 2452 10,69.
736 2408 768 2451 4,
781 2406 828 2441 45
863 2418 917 2453 ep.
936 2405 969 2451 6,
982 2406 1013 2441 7.
1065 2406 1145 2441 Uno
1171 2405 1259 2451 loco,
1287 2407 1414 2452 4,148,
1442 2406 1592 2442 additur

177 2462 328 2498 dativus
353 2473 549 2509 personae:
576 2462 627 2501 ὡς
652 2464 723 2496 τῶν
739 2462 918 2507 πολεμίων
943 2461 1110 2500 πλείστοις
1136 2461 1315 2507 ἐντύχοιεν.
1366 2460 1434 2497 Hic
1460 2461 1589 2507 singu-
