1770 2749
701 120 943 156 —19-

238 218 280 254 In
313 229 388 266 par.
406 218 430 253 8
466 217 639 262 leguntur
675 217 789 253 verba
815 245 822 254 .
848 245 856 253 .
882 246 889 254 .
926 217 1017 264 πρὸς
1053 217 1115 256 τὰς
1150 217 1223 262 παῤ
1249 217 1353 261 ὑμῶν
1390 216 1529 254 ἐλπίδας

122 274 343 320 ἀθυμότερος
367 272 411 318 ἦν
429 300 436 307 .
455 300 462 307 .
481 299 488 307 .
513 271 556 307 In
581 282 689 307 usum
707 271 928 308 Isocrateum
947 270 1174 308 substantivi
1191 270 1285 309 ἐλπὶς
1301 268 1528 316 inquirentes

121 327 330 363 invenimus
364 326 465 361 haec.
517 324 737 371 Saepissime
772 325 909 371 pendet
947 337 993 360 ex
1032 337 1074 360 eo
1112 324 1320 359 infinitivus
1358 322 1418 357 vel
1456 334 1528 358 acc.

123 393 151 417 c.
177 380 239 415 inf.
264 378 389 424 futuri,
417 379 460 414 ut
485 378 519 422 2,
533 378 590 414 20.
620 378 675 424 15,
690 378 837 414 28168.
852 378 1021 414 198322.
1051 379 1106 422 12,
1125 377 1170 413 10
1196 379 1262 423 (ep.
1284 377 1314 420 1,
1330 375 1382 420 3);
1409 376 1527 420 4,141

122 433 330 470 infinitivus
369 432 496 468 aoristi
534 431 687 468 additur.
746 432 803 478 Id,
848 431 946 479 quod
983 434 1169 479 speratur,
1210 429 1427 477 eiprimitur
1464 430 1530 464 aut

123 487 305 533 genetivo,
332 487 376 521 ut
404 486 531 531 16,16.
557 486 591 530 4,
609 486 687 522 121.
713 486 747 532 8,
763 486 819 522 60.
849 486 902 530 15,
916 486 997 521 299.
1024 486 1057 530 5,
1073 486 1131 529 55,
1167 487 1234 520 aut
1259 482 1529 530 praepositione

122 541 201 586 περὶ
227 551 255 576 c.
273 551 305 585 g.
324 538 490 576 adhibita
515 541 559 575 ut
582 539 617 585 4,
632 540 688 576 28.
714 540 748 585 8,
763 539 819 576 34.
846 540 879 587 6,
893 540 951 576 47.
961 539 1017 576 63.
1055 539 1170 575 Plane
1189 540 1315 574 autem
1334 535 1530 581 singularis

124 598 182 630 est
208 594 440 639 constructio,
476 606 570 640 quae
597 606 654 641 ep.
679 594 713 639 5,
728 595 750 629 5
775 594 916 639 legitur,
952 605 1023 640 quo
1057 594 1135 629 loco
1171 593 1215 627 de
1242 592 1363 627 verbis
1390 591 1531 629 ἐλπίδας

124 649 190 694 γὰρ
216 675 224 683 .
251 676 258 682 .
285 675 292 682 .
319 649 482 693 παρέχεις
515 647 652 694 pendet
685 648 889 684 coniunctio
925 649 976 687 ὡς
1010 659 1037 683 c.
1063 646 1168 682 indic.
1202 646 1259 681 fut
1294 644 1528 688 coniunctal)

124 701 173 737 Ut
199 700 426 747 significaret
457 713 520 737 eas
545 713 720 749 personas
745 701 806 738 vel
829 714 899 747 res,
925 702 964 737 in
990 700 1122 748 quibus
1149 711 1233 747 spes
1259 698 1401 747 positae
1427 699 1527 744 sunt,

124 756 167 791 IS.
187 755 281 791 dixit
302 756 363 794 τὰς
385 756 456 791 ἐλπ.
475 757 564 801 ἔχειν
581 757 618 791 ἔν
640 770 711 797 τινι,
736 757 780 791 ut
805 757 838 801 4,
857 757 934 791 121.
962 755 996 800 8,
1011 755 1068 791 60.
1097 754 1152 799 15,
1166 754 1247 790 299.
1273 753 1308 798 5,
1323 753 1380 789 55.
1415 751 1528 787 Vides

123 809 244 853 igitur,
281 820 393 855 quam
426 820 500 844 non
534 809 716 845 Isocratea
742 809 790 845 sit
815 809 923 845 dictio
951 838 958 845 .
984 837 992 844 .
1019 837 1026 844 .
1053 809 1114 847 τὰς
1138 809 1222 853 παρ’
1248 808 1353 852 ὑμῶν
1379 806 1528 844 ἐλπίδας.

123 862 250 908 Neque
275 862 314 897 in
331 862 471 909 reliqua
487 863 686 907 graecitate
702 862 818 898 ullum
836 862 1042 909 exemplum
1059 861 1170 896 huius
1187 872 1279 896 usus
1295 859 1528 907 repperimus.

123 916 232 961 Digni
270 917 398 952 autem
435 919 534 960 sunt,
574 917 636 963 qui
669 916 882 961 afferantur,
920 916 990 952 duo
1016 915 1086 951 loci
1112 913 1347 961 Thucydidei,
1374 924 1529 960 quorum

124 969 217 1005 alter
243 969 449 1005 simillimus
474 970 584 1006 huius
610 969 788 1017 epistulae
815 970 884 1006 loci
910 972 984 1006 est:
1015 971 1045 1015 1,
1061 968 1144 1013 69‚5
1171 969 1243 1004 ἐπεὶ
1260 969 1350 1013 αἵγε
1367 968 1528 1013 ὑμέτεραι

124 1024 258 1062 ἐλπίδες
292 1024 359 1069 ἤδη
394 1025 486 1063 τινάς
518 1038 588 1059 που
622 1025 681 1059 καὶ
714 1025 982 1070 ἀπαρασκεύους
1014 1025 1069 1058 δὶα
1094 1023 1133 1058 τὸ
1159 1026 1334 1057 πιστεῦσαι
1359 1022 1529 1066 ἔφθειραν

125 1077 156 1121 (i.
183 1087 212 1113 e.
240 1076 298 1112 die
325 1076 391 1112 auf
416 1077 509 1112 euch
535 1079 723 1123 gesetzten
747 1076 1178 1122 Hoffnungen)÷3,14,1
1206 1076 1448 1120 αἰσχυνθέντες
1465 1074 1529 1109 οὖν

122 1131 183 1169 τάς
215 1144 250 1166 τε
284 1136 356 1166 τῶν
381 1131 554 1177 Ἑλλήνων
588 1132 623 1170 ἐς
656 1132 748 1177 ὑμᾶς
781 1132 920 1170 ἐλπίδας
945 1158 953 1167 .
980 1160 987 1166 .
1014 1158 1021 1166 .
1046 1151 1095 1155 -
1121 1129 1354 1165 Adiectivum
1386 1129 1529 1173 ἄθυμος

124 1187 261 1229 autem,
297 1186 340 1220 ut
372 1184 440 1220 hoc
474 1185 600 1221 statim
636 1185 826 1231 addamus,
862 1185 909 1221 ab
934 1185 1094 1221 Isocrate
1120 1195 1194 1219 non
1220 1185 1279 1219 est
1305 1181 1528 1226 adhibitum3

123 1237 337 1273 adverbium
362 1238 494 1284 legitur
522 1239 576 1283 18,
592 1238 648 1274 60.
673 1238 707 1284 4,
721 1238 778 1274 44.
789 1239 935 1275 93116.
962 1239 995 1284 3,
1010 1239 1067 1275 58.

240 1294 285 1328 In
310 1304 386 1339 par.
405 1293 427 1327 3
453 1293 574 1328 verbis
599 1294 640 1327 τὰ
659 1294 697 1328 δὲ
721 1295 780 1327 καὶ
804 1294 900 1338 παρὰ
917 1297 988 1328 τῶν
1006 1294 1122 1327 ἄλλων
1138 1296 1210 1326 τῶν
1228 1293 1405 1337 ἐμπείρων
1422 1291 1528 1325 αὐτοῦ

123 1347 394 1392 πυνθανόμενον
409 1358 491 1381 cum
509 1349 673 1392 ἔμπειρος
685 1346 865 1382 adiectivo
876 1347 1108 1391 coniungitur
1125 1345 1320 1390 genetivus
1337 1355 1527 1391 personae,

125 1411 235 1446 quem
272 1411 382 1434 usum
416 1400 464 1435 ab
497 1400 668 1436 Isocratis
703 1411 833 1445 genere
873 1400 1014 1436 dicendi
1052 1399 1246 1436 abhorrere
1286 1398 1420 1434 docent
1460 1398 1530 1433 loci

124 1453 250 1497 4‚142.
285 1453 388 1498 8‚52.
427 1454 482 1497 15,
493 1454 641 1489 48.184.
652 1454 733 1488 208.
771 1454 826 1498 12,
837 1454 1010 1498 209.229,
1046 1453 1179 1499 quibus
1214 1463 1358 1498 semper
1383 1450 1530 1486 additur

124 1505 320 1551 genetivus
345 1506 406 1542 rei.
449 1507 610 1553 Ἄπειρος
643 1519 786 1554 quoque
821 1507 1039 1543 adiectivum
1060 1508 1214 1553 'semper
1237 1506 1293 1542 ita
1317 1507 1527 1552 usurpatur,

125 1562 167 1595 ut
192 1560 499 1604 4‚106.146.150.
526 1561 652 1606 5,124.
682 1562 829 1606 12,130.
879 1561 997 1596 Huius
1031 1563 1158 1596 autem
1192 1560 1365 1596 adiectivi
1398 1558 1528 1594 eadem

125 1613 347 1649 constructio
373 1616 485 1661 atque
519 1615 559 1650 in
585 1614 746 1662 epistula
778 1615 910 1660 legitur
936 1615 1040 1659 1,24:
1082 1616 1161 1660 μήτ’
1180 1615 1322 1659 ἄπειρος
1346 1612 1432 1647 εἶναι
1456 1615 1527 1647 τῶν

124 1669 271 1713 ἑταίρων
288 1669 378 1705 θέλε.
428 1668 470 1704 In
487 1669 628 1716 reliqua
653 1670 863 1715 graecitate,
891 1670 1070 1716 quantum
1088 1680 1106 1704 e
1124 1668 1249 1704 lexicis
1265 1666 1527 1711 intelleximus,

124 1721 198 1756 fere
225 1733 368 1768 semper
404 1722 456 1757 illi
490 1722 671 1758 adiectivo
703 1725 867 1769 ἔμπειρος
905 1722 1051 1758 additur
1088 1722 1280 1767 genetivus
1314 1721 1376 1755 rei.
1427 1720 1529 1755 Duos

124 1776 272 1810 tantum
314 1775 523 1811 invenimus
565 1775 680 1822 locos,
725 1777 857 1823 quibus
895 1777 1087 1822 genetivus
1125 1786 1301 1822 personae
1343 1774 1529 1820 sequitur:

127 1827 257 1865 Herod.
276 1829 309 1875 9,
319 1829 386 1865 46:
412 1831 511 1876 ἡμεῖς
537 1831 575 1866 δὲ
592 1831 764 1867 Βοιωτῶν
780 1833 839 1867 καὶ
861 1831 1048 1868 Θεσσαλῶν
1066 1831 1223 1876 ἔμπειροί
1237 1831 1338 1874 εἰμεν.
1377 1827 1528 1875 Dionys.

124 1896 159 1918 π.
172 1883 298 1919 Ἰσαίου
317 1895 345 1919 c.
359 1884 382 1918 2
399 1895 431 1931 p.
450 1883 507 1930 94,
519 1884 582 1931 7s8
600 1884 690 1921 Rad.
707 1886 740 1921 I:
757 1886 816 1920 καὶ
833 1887 865 1921 εἰ
878 1887 927 1932 μή
946 1900 994 1924 τις
1011 1887 1174 1930 ἔμπειρος
1189 1884 1280 1918 πάνυ
1298 1886 1368 1917 τῶν
1386 1883 1529 1927 ἀνδρῶν

126 1935 270 1984 (Lysiae
305 1939 344 1973 et
376 1937 481 1983 Isaei)
516 1940 577 1985 εἴη.
627 1938 670 1974 In
702 1938 957 1987 Xenophontis
987 1938 1152 1975 Anabasi
1188 1937 1320 1982 legitur
1354 1938 1530 1983 ἐμπείρως

125 1992 215 2036 ἔχειν
231 1993 323 2031 τινός
340 1992 361 2027 i.
376 2004 405 2027 e.
424 2004 610 2039 personae,
629 2004 786 2039 quocum
804 2006 875 2029 usu
894 1992 1135 2030 conferendus
1154 1994 1210 2028 est
1226 1992 1328 2026 locus
1346 1991 1527 2037 Isocratis,

126 2044 231 2089 2,13:
258 2047 413 2091 ἀπείρως
439 2048 527 2092 ἔχειν
552 2050 622 2081 τῶν
647 2051 824 2092 σοφιστῶν
848 2049 1011 2094 μηδενός.

243 2098 272 2134 Ε
299 2100 421 2135 verbis
455 2111 530 2147 par.
548 2099 571 2135 9
596 2105 638 2146 τῇ
664 2102 913 2148 φιλανθρωπίᾳ
930 2106 972 2148 τῇ
990 2106 1034 2148 σῇ
1052 2101 1307 2146 στοχαζόμενος
1332 2099 1530 2147 epistulam

125 2151 258 2188 falsam
301 2165 382 2189 esse
425 2154 593 2200 cognosci
635 2166 744 2201 posse
778 2149 1042 2192 Muenscherus
1084 2158 1210 2190 censet
1251 2155 1291 2190 in
1333 2153 1530 2190 tractanda

125 2216 178 2252 ep.
197 2207 291 2253 6,10
316 2206 425 2243 nullis
443 2209 570 2244 tamen
596 2207 731 2244 additis
749 2210 983 2255 argumentis.
1025 2208 1186 2244 Verbum
1212 2223 1260 2245 στ.
1279 2211 1405 2245 autem
1431 2207 1530 2255 apud

125 2259 324 2298 Isocratem
360 2274 501 2309 semper
535 2274 617 2299 eum
650 2265 821 2309 genetivo
848 2264 1081 2301 coniunctum
1112 2265 1150 2299 et
1177 2264 1213 2299 vi
1239 2266 1306 2300 aut
1332 2263 1530 2311 appetendi

126 2317 192 2350 aut
217 2316 462 2360 cognoscendi
496 2315 633 2362 aliquid
658 2321 877 2364 usurpatum
912 2318 1074 2362 occurrit,
1113 2320 1154 2353 ut
1180 2318 1213 2362 2,
1225 2319 1257 2354 6.
1285 2319 1408 2363 (1,50.)
1436 2317 1529 2361 8,28

243 2439 263 2475 ¹)
285 2438 403 2468 Eadem
433 2439 623 2469 constructio
651 2439 804 2470 invenitur
834 2441 935 2479 Eurip.
963 2441 1118 2470 Troadum
1140 2451 1169 2471 v.
1189 2441 1257 2476 487.
1287 2442 1379 2471 Plato
1400 2441 1529 2470 Lachet.

125 2487 154 2515 p.
175 2480 280 2510 200A.
320 2482 354 2510 In
374 2482 590 2521 Xenophontis
610 2483 756 2521 Agesilao
777 2484 804 2520 2,
816 2485 837 2513 8
855 2484 994 2523 sequitur
1014 2485 1173 2522 optativus
1194 2485 1300 2514 futuri.

1316 2533 1352 2563 2*
