<?xml version="1.0" encoding="UTF-8"?>
<!DOCTYPE html PUBLIC "-//W3C//DTD XHTML 1.0 Transitional//EN"
    "http://www.w3.org/TR/xhtml1/DTD/xhtml1-transitional.dtd">
<html xmlns="http://www.w3.org/1999/xhtml" xml:lang="en" lang="en">
 <head>
  <title>
</title>
<meta http-equiv="Content-Type" content="text/html;charset=utf-8" />
  <meta name='ocr-system' content='tesseract 3.04.00' />
  <meta name='ocr-capabilities' content='ocr_page ocr_carea ocr_par ocr_line ocrx_word'/>
</head>
<body>
  <div class='ocr_page' id='page_1' title='image "4737378_0052.png"; bbox 0 0 1770 2749; ppageno 0'>
   <div class='ocr_carea' id='block_1_1' title="bbox 751 114 997 149">
    <p class='ocr_par' dir='ltr' id='par_1_1' title="bbox 751 114 997 149">
     <span class='ocr_line' id='line_1_1' title="bbox 751 114 997 149; baseline 0.004 -10"><span class='ocrx_word' id='word_1_1' title='bbox 751 114 997 149; x_wconf 73' lang='lat'>-46-</span> 
     </span>
    </p>
   </div>
   <div class='ocr_carea' id='block_1_2' title="bbox 157 201 1580 2297">
    <p class='ocr_par' dir='ltr' id='par_1_2' title="bbox 165 201 1580 901">
     <span class='ocr_line' id='line_1_2' title="bbox 285 201 1579 258; baseline 0.001 -12"><span class='ocrx_word' id='word_1_2' title='bbox 285 212 371 246; x_wconf 84' lang='grc' dir='ltr'><strong><em>ἀλλὰ</em></strong></span> <span class='ocrx_word' id='word_1_3' title='bbox 398 212 464 256; x_wconf 85' lang='grc' dir='ltr'>γὰρ</span> <span class='ocrx_word' id='word_1_4' title='bbox 483 213 562 246; x_wconf 84' lang='grc' dir='ltr'><strong><em>οὔτε</em></strong></span> <span class='ocrx_word' id='word_1_5' title='bbox 586 212 758 256; x_wconf 86' lang='grc' dir='ltr'><strong><em>πρότερον</em></strong></span> <span class='ocrx_word' id='word_1_6' title='bbox 785 212 869 247; x_wconf 79' lang='grc' dir='ltr'><strong><em>οὐδὲ</em></strong></span> <span class='ocrx_word' id='word_1_7' title='bbox 892 213 1033 247; x_wconf 76' lang='grc' dir='ltr'><strong><em>πώποτ’</em></strong></span> <span class='ocrx_word' id='word_1_8' title='bbox 1060 201 1313 258; x_wconf 74' lang='grc' dir='ltr'><strong><em>ἐφιλοτιμήθην</em></strong></span> <span class='ocrx_word' id='word_1_9' title='bbox 1330 213 1387 247; x_wconf 77' lang='grc' dir='ltr'>ἐπὶ</span> <span class='ocrx_word' id='word_1_10' title='bbox 1402 213 1536 251; x_wconf 83' lang='grc' dir='ltr'><strong><em>τούτοις</em></strong></span> <span class='ocrx_word' id='word_1_11' title='bbox 1550 239 1557 247; x_wconf 91' lang='grc'><strong>.</strong></span> <span class='ocrx_word' id='word_1_12' title='bbox 1572 239 1579 247; x_wconf 93' lang='grc'><strong>.</strong></span> 
     </span>
     <span class='ocr_line' id='line_1_3' title="bbox 166 264 1580 310; baseline 0.001 -11"><span class='ocrx_word' id='word_1_13' title='bbox 166 265 246 300; x_wconf 83' lang='grc' dir='ltr'><strong><em>οὔτε</em></strong></span> <span class='ocrx_word' id='word_1_14' title='bbox 262 268 327 299; x_wconf 82' lang='grc' dir='ltr'>νῦν</span> <span class='ocrx_word' id='word_1_15' title='bbox 344 292 351 299; x_wconf 95' lang='grc'><strong>.</strong></span> <span class='ocrx_word' id='word_1_16' title='bbox 367 292 373 299; x_wconf 98' lang='grc'><strong>.</strong></span> <span class='ocrx_word' id='word_1_17' title='bbox 388 291 395 299; x_wconf 94' lang='grc'><strong>.</strong></span> <span class='ocrx_word' id='word_1_18' title='bbox 413 264 616 299; x_wconf 80' lang='lat' dir='ltr'><strong>Haeremus</strong></span> <span class='ocrx_word' id='word_1_19' title='bbox 634 264 672 298; x_wconf 86' lang='lat' dir='ltr'>in</span> <span class='ocrx_word' id='word_1_20' title='bbox 685 264 874 310; x_wconf 79' lang='lat' dir='ltr'>particulis</span> <span class='ocrx_word' id='word_1_21' title='bbox 892 266 971 300; x_wconf 80' lang='grc' dir='ltr'><strong><em>οὔτε</em></strong></span> <span class='ocrx_word' id='word_1_22' title='bbox 987 265 1158 310; x_wconf 84' lang='grc' dir='ltr'><strong><em>πρότερον</em></strong></span> <span class='ocrx_word' id='word_1_23' title='bbox 1176 266 1259 300; x_wconf 81' lang='grc' dir='ltr'><strong><em>οὐδὲ</em></strong></span> <span class='ocrx_word' id='word_1_24' title='bbox 1276 267 1418 300; x_wconf 86' lang='grc' dir='ltr'><strong><em>πώποτε</em></strong></span> <span class='ocrx_word' id='word_1_25' title='bbox 1435 286 1484 291; x_wconf 88' lang='lat'>-—-</span> <span class='ocrx_word' id='word_1_26' title='bbox 1502 267 1580 301; x_wconf 80' lang='grc' dir='ltr'><strong><em>οὔτε</em></strong></span> 
     </span>
     <span class='ocr_line' id='line_1_4' title="bbox 165 316 1580 365; baseline 0.001 -11"><span class='ocrx_word' id='word_1_27' title='bbox 165 323 239 354; x_wconf 84' lang='grc' dir='ltr'><strong><em>νῦν.</em></strong></span> <span class='ocrx_word' id='word_1_28' title='bbox 290 318 344 354; x_wconf 90' lang='lat' dir='ltr'>Ac</span> <span class='ocrx_word' id='word_1_29' title='bbox 361 317 518 365; x_wconf 90' lang='lat' dir='ltr'>primum</span> <span class='ocrx_word' id='word_1_30' title='bbox 535 316 683 365; x_wconf 87' lang='lat' dir='ltr'>quidem</span> <span class='ocrx_word' id='word_1_31' title='bbox 707 317 887 354; x_wconf 87' lang='lat' dir='ltr'>Isocrates</span> <span class='ocrx_word' id='word_1_32' title='bbox 913 317 1056 354; x_wconf 88' lang='lat' dir='ltr'>duobus</span> <span class='ocrx_word' id='word_1_33' title='bbox 1085 317 1174 354; x_wconf 91' lang='lat' dir='ltr'>locis</span> <span class='ocrx_word' id='word_1_34' title='bbox 1200 320 1279 354; x_wconf 85' lang='grc' dir='ltr'><strong><em>οὔτε</em></strong></span> <span class='ocrx_word' id='word_1_35' title='bbox 1303 319 1475 365; x_wconf 86' lang='grc' dir='ltr'><strong><em>πρότερον</em></strong></span> <span class='ocrx_word' id='word_1_36' title='bbox 1500 320 1580 355; x_wconf 84' lang='grc' dir='ltr'><strong><em>οὔτε</em></strong></span> 
     </span>
     <span class='ocr_line' id='line_1_5' title="bbox 165 371 1580 418; baseline 0 -10"><span class='ocrx_word' id='word_1_37' title='bbox 165 377 229 408; x_wconf 85' lang='grc' dir='ltr'>νῦν</span> <span class='ocrx_word' id='word_1_38' title='bbox 264 371 445 407; x_wconf 76' lang='lat' dir='ltr'><strong>adhibuit:</strong></span> <span class='ocrx_word' id='word_1_39' title='bbox 484 371 537 416; x_wconf 84' lang='grc'>15,</span> <span class='ocrx_word' id='word_1_40' title='bbox 547 371 595 406; x_wconf 82' lang='grc'>35</span> <span class='ocrx_word' id='word_1_41' title='bbox 629 372 714 406; x_wconf 86' lang='grc' dir='ltr'><strong><em>ἀλλὰ</em></strong></span> <span class='ocrx_word' id='word_1_42' title='bbox 746 372 813 416; x_wconf 84' lang='grc' dir='ltr'>γὰρ</span> <span class='ocrx_word' id='word_1_43' title='bbox 844 374 924 407; x_wconf 86' lang='grc' dir='ltr'><strong><em>οὔτε</em></strong></span> <span class='ocrx_word' id='word_1_44' title='bbox 955 373 1126 417; x_wconf 85' lang='grc' dir='ltr'><strong><em>πρότερον</em></strong></span> <span class='ocrx_word' id='word_1_45' title='bbox 1160 374 1239 408; x_wconf 85' lang='grc' dir='ltr'><strong><em>οὔτε</em></strong></span> <span class='ocrx_word' id='word_1_46' title='bbox 1272 376 1335 408; x_wconf 83' lang='grc' dir='ltr'>νῦν</span> <span class='ocrx_word' id='word_1_47' title='bbox 1370 374 1485 411; x_wconf 81' lang='grc' dir='ltr'><strong><em>οὐδείς</em></strong></span> <span class='ocrx_word' id='word_1_48' title='bbox 1517 387 1580 418; x_wconf 87' lang='grc' dir='ltr'>μοι</span> 
     </span>
     <span class='ocr_line' id='line_1_6' title="bbox 167 424 1580 472; baseline 0.001 -11"><span class='ocrx_word' id='word_1_49' title='bbox 167 427 358 472; x_wconf 86' lang='grc' dir='ltr'><strong><em>φανήσεται</em></strong></span> <span class='ocrx_word' id='word_1_50' title='bbox 382 429 540 460; x_wconf 82' lang='grc' dir='ltr'><strong><em>τοιοῦτον</em></strong></span> <span class='ocrx_word' id='word_1_51' title='bbox 565 425 669 460; x_wconf 76' lang='grc' dir='ltr'><strong><em>οὐδὲν</em></strong></span> <span class='ocrx_word' id='word_1_52' title='bbox 695 426 893 470; x_wconf 81' lang='grc' dir='ltr'><strong><em>ἐγκαλέσας.</em></strong></span> <span class='ocrx_word' id='word_1_53' title='bbox 945 426 1002 470; x_wconf 86' lang='lat'>15,</span> <span class='ocrx_word' id='word_1_54' title='bbox 1013 424 1086 461; x_wconf 81' lang='lat'>274</span> <span class='ocrx_word' id='word_1_55' title='bbox 1110 427 1264 471; x_wconf 87' lang='grc' dir='ltr'><strong><em>ἡγοῦμαι</em></strong></span> <span class='ocrx_word' id='word_1_56' title='bbox 1282 426 1321 461; x_wconf 86' lang='grc' dir='ltr'>δὲ</span> <span class='ocrx_word' id='word_1_57' title='bbox 1337 427 1497 472; x_wconf 84' lang='grc' dir='ltr'><strong><em>τοιαύτην</em></strong></span> <span class='ocrx_word' id='word_1_58' title='bbox 1513 427 1580 472; x_wconf 87' lang='grc' dir='ltr'>μὲν</span> 
     </span>
     <span class='ocr_line' id='line_1_7' title="bbox 166 478 1578 526; baseline 0 -11"><span class='ocrx_word' id='word_1_59' title='bbox 166 481 290 526; x_wconf 89' lang='grc' dir='ltr'><strong><em>τέχνην</em></strong></span> <span class='ocrx_word' id='word_1_60' title='bbox 317 507 324 514; x_wconf 94' lang='grc'><strong>.</strong></span> <span class='ocrx_word' id='word_1_61' title='bbox 344 507 350 514; x_wconf 93' lang='grc'><strong>.</strong></span> <span class='ocrx_word' id='word_1_62' title='bbox 370 507 377 514; x_wconf 91' lang='grc'><strong>.</strong></span> <span class='ocrx_word' id='word_1_63' title='bbox 396 506 403 514; x_wconf 93' lang='grc'><strong>.</strong></span> <span class='ocrx_word' id='word_1_64' title='bbox 430 480 509 514; x_wconf 83' lang='grc' dir='ltr'><strong><em>οὔτε</em></strong></span> <span class='ocrx_word' id='word_1_65' title='bbox 534 479 707 524; x_wconf 86' lang='grc' dir='ltr'><strong><em>πρότερον</em></strong></span> <span class='ocrx_word' id='word_1_66' title='bbox 733 480 812 514; x_wconf 83' lang='grc' dir='ltr'><strong><em>οὔτε</em></strong></span> <span class='ocrx_word' id='word_1_67' title='bbox 837 483 900 515; x_wconf 82' lang='grc' dir='ltr'>νῦν</span> <span class='ocrx_word' id='word_1_68' title='bbox 925 481 1092 526; x_wconf 77' lang='grc' dir='ltr'><strong><em>οὐδεμίαν</em></strong></span> <span class='ocrx_word' id='word_1_69' title='bbox 1118 480 1210 516; x_wconf 86' lang='grc' dir='ltr'><strong><em>εἶναι.</em></strong></span> <span class='ocrx_word' id='word_1_70' title='bbox 1242 478 1310 515; x_wconf 87' lang='lat' dir='ltr'>His</span> <span class='ocrx_word' id='word_1_71' title='bbox 1329 479 1472 516; x_wconf 89' lang='lat' dir='ltr'>duobus</span> <span class='ocrx_word' id='word_1_72' title='bbox 1489 479 1578 516; x_wconf 83' lang='lat' dir='ltr'>locis</span> 
     </span>
     <span class='ocr_line' id='line_1_8' title="bbox 167 532 1578 580; baseline 0.001 -12"><span class='ocrx_word' id='word_1_73' title='bbox 167 532 369 580; x_wconf 80' lang='lat' dir='ltr'>particulae</span> <span class='ocrx_word' id='word_1_74' title='bbox 395 532 479 567; x_wconf 88' lang='lat' dir='ltr'>illae</span> <span class='ocrx_word' id='word_1_75' title='bbox 505 543 580 568; x_wconf 90' lang='lat' dir='ltr'>uno</span> <span class='ocrx_word' id='word_1_76' title='bbox 607 532 844 568; x_wconf 87' lang='lat' dir='ltr'>continentur</span> <span class='ocrx_word' id='word_1_77' title='bbox 869 533 1063 569; x_wconf 87' lang='lat' dir='ltr'>enuntiato</span> <span class='ocrx_word' id='word_1_78' title='bbox 1090 532 1200 568; x_wconf 91' lang='lat' dir='ltr'>nullis</span> <span class='ocrx_word' id='word_1_79' title='bbox 1234 532 1423 569; x_wconf 86' lang='lat' dir='ltr'>vocabulis</span> <span class='ocrx_word' id='word_1_80' title='bbox 1449 545 1472 569; x_wconf 90' lang='lat' dir='ltr'>a</span> <span class='ocrx_word' id='word_1_81' title='bbox 1497 545 1578 569; x_wconf 90' lang='lat' dir='ltr'>sese</span> 
     </span>
     <span class='ocr_line' id='line_1_9' title="bbox 166 585 1576 633; baseline 0.001 -11"><span class='ocrx_word' id='word_1_82' title='bbox 166 586 381 623; x_wconf 85' lang='lat' dir='ltr'>disiunctae.</span> <span class='ocrx_word' id='word_1_83' title='bbox 433 585 572 621; x_wconf 79' lang='lat' dir='ltr'>Deinde</span> <span class='ocrx_word' id='word_1_84' title='bbox 598 586 636 621; x_wconf 94' lang='lat' dir='ltr'>in</span> <span class='ocrx_word' id='word_1_85' title='bbox 662 585 823 633; x_wconf 78' lang='lat' dir='ltr'><strong>epistula</strong></span> <span class='ocrx_word' id='word_1_86' title='bbox 848 586 995 623; x_wconf 80' lang='lat' dir='ltr'>additur</span> <span class='ocrx_word' id='word_1_87' title='bbox 1013 587 1096 623; x_wconf 82' lang='grc' dir='ltr'><strong><em>οὐδὲ</em></strong></span> <span class='ocrx_word' id='word_1_88' title='bbox 1112 588 1263 623; x_wconf 85' lang='grc' dir='ltr'><strong><em>πώποτε.</em></strong></span> <span class='ocrx_word' id='word_1_89' title='bbox 1298 586 1400 631; x_wconf 83' lang='lat' dir='ltr'>Quae</span> <span class='ocrx_word' id='word_1_90' title='bbox 1417 587 1576 633; x_wconf 85' lang='lat' dir='ltr'>negatio,</span> 
     </span>
     <span class='ocr_line' id='line_1_10' title="bbox 165 640 1577 686; baseline 0 -10"><span class='ocrx_word' id='word_1_91' title='bbox 165 641 237 677; x_wconf 82' lang='lat' dir='ltr'>etsi</span> <span class='ocrx_word' id='word_1_92' title='bbox 262 640 449 676; x_wconf 85' lang='lat' dir='ltr'><strong>nonnullis</strong></span> <span class='ocrx_word' id='word_1_93' title='bbox 475 640 564 676; x_wconf 91' lang='lat' dir='ltr'>locis</span> <span class='ocrx_word' id='word_1_94' title='bbox 589 641 633 675; x_wconf 88' lang='lat' dir='ltr'>ut</span> <span class='ocrx_word' id='word_1_95' title='bbox 656 640 713 686; x_wconf 85' lang='lat'>18,</span> <span class='ocrx_word' id='word_1_96' title='bbox 724 640 781 676; x_wconf 84' lang='lat'>27.</span> <span class='ocrx_word' id='word_1_97' title='bbox 811 641 866 686; x_wconf 88' lang='lat'>19,</span> <span class='ocrx_word' id='word_1_98' title='bbox 878 641 909 677; x_wconf 82' lang='lat'>6.</span> <span class='ocrx_word' id='word_1_99' title='bbox 935 641 1059 685; x_wconf 85' lang='lat'>4‚122.</span> <span class='ocrx_word' id='word_1_100' title='bbox 1088 641 1144 686; x_wconf 90' lang='grc'>14,</span> <span class='ocrx_word' id='word_1_101' title='bbox 1155 641 1212 677; x_wconf 84' lang='lat'>25.</span> <span class='ocrx_word' id='word_1_102' title='bbox 1239 641 1340 685; x_wconf 86' lang='lat'>6‚15.</span> <span class='ocrx_word' id='word_1_103' title='bbox 1367 641 1423 677; x_wconf 89' lang='lat'>30.</span> <span class='ocrx_word' id='word_1_104' title='bbox 1450 641 1577 686; x_wconf 85' lang='lat'>8,112.</span> 
     </span>
     <span class='ocr_line' id='line_1_11' title="bbox 168 693 1577 741; baseline 0 -11"><span class='ocrx_word' id='word_1_105' title='bbox 168 694 258 740; x_wconf 85' lang='lat'>15,2</span> <span class='ocrx_word' id='word_1_106' title='bbox 285 693 491 739; x_wconf 76' lang='lat' dir='ltr'>adhibetur,</span> <span class='ocrx_word' id='word_1_107' title='bbox 527 696 655 729; x_wconf 90' lang='lat' dir='ltr'>tamen</span> <span class='ocrx_word' id='word_1_108' title='bbox 689 705 881 741; x_wconf 90' lang='lat' dir='ltr'>nunquam</span> <span class='ocrx_word' id='word_1_109' title='bbox 912 705 995 730; x_wconf 92' lang='lat' dir='ltr'>cum</span> <span class='ocrx_word' id='word_1_110' title='bbox 1019 695 1191 740; x_wconf 85' lang='grc' dir='ltr'><strong><em>πρότερον</em></strong></span> <span class='ocrx_word' id='word_1_111' title='bbox 1216 694 1278 730; x_wconf 92' lang='lat' dir='ltr'>vel</span> <span class='ocrx_word' id='word_1_112' title='bbox 1303 696 1382 730; x_wconf 77' lang='grc' dir='ltr'><strong><em>οὔτε</em></strong></span> <span class='ocrx_word' id='word_1_113' title='bbox 1407 695 1577 740; x_wconf 79' lang='grc' dir='ltr'><strong><em>πρότερον</em></strong></span> 
     </span>
     <span class='ocr_line' id='line_1_12' title="bbox 165 746 1576 795; baseline 0 -11"><span class='ocrx_word' id='word_1_114' title='bbox 165 748 408 794; x_wconf 87' lang='lat' dir='ltr'>coniungitur.</span> <span class='ocrx_word' id='word_1_115' title='bbox 459 747 551 792; x_wconf 89' lang='lat' dir='ltr'>Uno,</span> <span class='ocrx_word' id='word_1_116' title='bbox 587 746 653 783; x_wconf 91' lang='lat' dir='ltr'>sed</span> <span class='ocrx_word' id='word_1_117' title='bbox 687 748 797 784; x_wconf 92' lang='lat' dir='ltr'>dubio</span> <span class='ocrx_word' id='word_1_118' title='bbox 832 747 922 793; x_wconf 88' lang='lat' dir='ltr'>loco,</span> <span class='ocrx_word' id='word_1_119' title='bbox 959 759 1013 795; x_wconf 91' lang='lat' dir='ltr'>ep.</span> <span class='ocrx_word' id='word_1_120' title='bbox 1031 748 1123 793; x_wconf 83' lang='lat' dir='ltr'>VIII,</span> <span class='ocrx_word' id='word_1_121' title='bbox 1137 749 1156 783; x_wconf 91' lang='lat'>1</span> <span class='ocrx_word' id='word_1_122' title='bbox 1191 747 1325 793; x_wconf 85' lang='lat' dir='ltr'>legitur</span> <span class='ocrx_word' id='word_1_123' title='bbox 1355 748 1576 784; x_wconf 82' lang='lat' dir='ltr'>constructio</span> 
     </span>
     <span class='ocr_line' id='line_1_13' title="bbox 166 801 1578 848; baseline 0 -11"><span class='ocrx_word' id='word_1_124' title='bbox 166 801 352 837; x_wconf 81' lang='lat' dir='ltr'>simillima</span> <span class='ocrx_word' id='word_1_125' title='bbox 378 813 431 848; x_wconf 86' lang='lat' dir='ltr'>ep.</span> <span class='ocrx_word' id='word_1_126' title='bbox 450 801 559 845; x_wconf 75' lang='lat' dir='ltr'>VI‚5:</span> <span class='ocrx_word' id='word_1_127' title='bbox 595 803 646 840; x_wconf 87' lang='grc' dir='ltr'><strong><em>οἷς</em></strong></span> <span class='ocrx_word' id='word_1_128' title='bbox 681 803 764 836; x_wconf 79' lang='grc' dir='ltr'><strong><em>οὐδὲ</em></strong></span> <span class='ocrx_word' id='word_1_129' title='bbox 797 803 940 836; x_wconf 86' lang='grc' dir='ltr'><strong><em>πώποτε</em></strong></span> <span class='ocrx_word' id='word_1_130' title='bbox 973 803 1145 847; x_wconf 84' lang='grc' dir='ltr'><strong><em>πρότερον</em></strong></span> <span class='ocrx_word' id='word_1_131' title='bbox 1180 803 1258 837; x_wconf 83' lang='grc' dir='ltr'><strong><em>οὔτε</em></strong></span> <span class='ocrx_word' id='word_1_132' title='bbox 1292 803 1474 847; x_wconf 67' lang='grc' dir='ltr'><strong><em>διελέχθην</em></strong></span> <span class='ocrx_word' id='word_1_133' title='bbox 1500 804 1578 837; x_wconf 80' lang='grc' dir='ltr'><strong><em>οὔτε</em></strong></span> 
     </span>
     <span class='ocr_line' id='line_1_14' title="bbox 165 856 533 901; baseline 0 -11"><span class='ocrx_word' id='word_1_134' title='bbox 165 856 327 901; x_wconf 75' lang='grc' dir='ltr'><strong><em>συνήθης</em></strong></span> <span class='ocrx_word' id='word_1_135' title='bbox 352 856 533 901; x_wconf 80' lang='grc' dir='ltr'><strong><em>ἐγενόμην.</em></strong></span> 
     </span>
    </p>

    <p class='ocr_par' dir='ltr' id='par_1_3' title="bbox 164 908 1576 1008">
     <span class='ocr_line' id='line_1_15' title="bbox 283 908 1576 956; baseline 0 -11"><span class='ocrx_word' id='word_1_136' title='bbox 283 911 365 956; x_wconf 82' lang='grc' dir='ltr'><strong><em>ἔχον</em></strong></span> <span class='ocrx_word' id='word_1_137' title='bbox 381 910 508 955; x_wconf 84' lang='grc' dir='ltr'><strong><em>ταύτην</em></strong></span> <span class='ocrx_word' id='word_1_138' title='bbox 524 909 586 954; x_wconf 88' lang='grc' dir='ltr'>τὴν</span> <span class='ocrx_word' id='word_1_139' title='bbox 605 909 760 944; x_wconf 81' lang='grc' dir='ltr'><strong><em>διάνοιαν</em></strong></span> <span class='ocrx_word' id='word_1_140' title='bbox 773 910 1119 955; x_wconf 84' lang='grc' dir='ltr'><strong><em>ἒπραγματευσάμην.</em></strong></span> <span class='ocrx_word' id='word_1_141' title='bbox 1146 908 1309 945; x_wconf 87' lang='lat' dir='ltr'>Verbum</span> <span class='ocrx_word' id='word_1_142' title='bbox 1321 923 1380 955; x_wconf 84' lang='grc' dir='ltr'>πρ.</span> <span class='ocrx_word' id='word_1_143' title='bbox 1397 908 1576 945; x_wconf 81' lang='lat' dir='ltr'>Isocrates</span> 
     </span>
     <span class='ocr_line' id='line_1_16' title="bbox 164 962 1576 1008; baseline 0 -10"><span class='ocrx_word' id='word_1_144' title='bbox 164 962 345 1007; x_wconf 86' lang='lat' dir='ltr'>absolute,</span> <span class='ocrx_word' id='word_1_145' title='bbox 372 964 416 998; x_wconf 89' lang='lat' dir='ltr'>ut</span> <span class='ocrx_word' id='word_1_146' title='bbox 440 963 496 998; x_wconf 89' lang='lat' dir='ltr'>ita</span> <span class='ocrx_word' id='word_1_147' title='bbox 521 962 651 1006; x_wconf 84' lang='lat' dir='ltr'>dicam,</span> <span class='ocrx_word' id='word_1_148' title='bbox 686 974 761 998; x_wconf 91' lang='lat' dir='ltr'>non</span> <span class='ocrx_word' id='word_1_149' title='bbox 787 963 989 1008; x_wconf 89' lang='lat' dir='ltr'>usurpavit,</span> <span class='ocrx_word' id='word_1_150' title='bbox 1017 962 1060 997; x_wconf 86' lang='lat' dir='ltr'>cf.</span> <span class='ocrx_word' id='word_1_151' title='bbox 1087 964 1188 1007; x_wconf 86' lang='lat'>11‚1.</span> <span class='ocrx_word' id='word_1_152' title='bbox 1218 963 1272 1008; x_wconf 90' lang='lat'>15,</span> <span class='ocrx_word' id='word_1_153' title='bbox 1284 963 1341 998; x_wconf 87' lang='lat'>83.</span> <span class='ocrx_word' id='word_1_154' title='bbox 1370 962 1425 1008; x_wconf 83' lang='lat'>12,</span> <span class='ocrx_word' id='word_1_155' title='bbox 1436 963 1468 998; x_wconf 82' lang='lat'>2.</span> <span class='ocrx_word' id='word_1_156' title='bbox 1495 962 1576 999; x_wconf 84' lang='lat'>249.</span> 
     </span>
    </p>

    <p class='ocr_par' dir='ltr' id='par_1_4' title="bbox 163 1016 1576 1224">
     <span class='ocr_line' id='line_1_17' title="bbox 281 1016 1576 1063; baseline 0.001 -12"><span class='ocrx_word' id='word_1_157' title='bbox 281 1016 362 1052; x_wconf 84' lang='lat' dir='ltr'>Par.</span> <span class='ocrx_word' id='word_1_158' title='bbox 381 1018 418 1052; x_wconf 86' lang='lat'>6:</span> <span class='ocrx_word' id='word_1_159' title='bbox 443 1018 537 1062; x_wconf 81' lang='grc' dir='ltr'><strong><em>ὑμᾶς</em></strong></span> <span class='ocrx_word' id='word_1_160' title='bbox 553 1017 619 1062; x_wconf 85' lang='grc' dir='ltr'>μὲν</span> <span class='ocrx_word' id='word_1_161' title='bbox 637 1017 733 1062; x_wconf 85' lang='grc' dir='ltr'><strong><em>ὁρῶν</em></strong></span> <span class='ocrx_word' id='word_1_162' title='bbox 759 1017 796 1051; x_wconf 81' lang='grc' dir='ltr'>ἓν</span> <span class='ocrx_word' id='word_1_163' title='bbox 812 1017 953 1055; x_wconf 79' lang='grc' dir='ltr'><strong><em>πολλοῖς</em></strong></span> <span class='ocrx_word' id='word_1_164' title='bbox 974 1017 1033 1051; x_wconf 85' lang='grc' dir='ltr'>καὶ</span> <span class='ocrx_word' id='word_1_165' title='bbox 1058 1017 1220 1062; x_wconf 88' lang='grc' dir='ltr'><strong><em>μεγάλοις</em></strong></span> <span class='ocrx_word' id='word_1_166' title='bbox 1244 1018 1445 1063; x_wconf 84' lang='grc' dir='ltr'><strong><em>πράγμασιν</em></strong></span> <span class='ocrx_word' id='word_1_167' title='bbox 1465 1018 1576 1056; x_wconf 86' lang='grc' dir='ltr'><strong><em>ὄντας.</em></strong></span> 
     </span>
     <span class='ocr_line' id='line_1_18' title="bbox 164 1069 1576 1116; baseline 0 -11"><span class='ocrx_word' id='word_1_168' title='bbox 164 1070 283 1106; x_wconf 83' lang='lat' dir='ltr'>Dictio</span> <span class='ocrx_word' id='word_1_169' title='bbox 310 1072 347 1105; x_wconf 82' lang='grc' dir='ltr'>ἔν</span> <span class='ocrx_word' id='word_1_170' title='bbox 372 1072 572 1115; x_wconf 85' lang='grc' dir='ltr'><strong><em>πράγμασιν</em></strong></span> <span class='ocrx_word' id='word_1_171' title='bbox 598 1070 683 1105; x_wconf 84' lang='grc' dir='ltr'><strong><em>εἶναι</em></strong></span> <span class='ocrx_word' id='word_1_172' title='bbox 708 1081 772 1116; x_wconf 89' lang='lat' dir='ltr'>pro</span> <span class='ocrx_word' id='word_1_173' title='bbox 799 1069 937 1105; x_wconf 87' lang='lat' dir='ltr'>versari</span> <span class='ocrx_word' id='word_1_174' title='bbox 963 1071 1001 1105; x_wconf 93' lang='lat' dir='ltr'>in</span> <span class='ocrx_word' id='word_1_175' title='bbox 1027 1070 1184 1114; x_wconf 81' lang='lat' dir='ltr'>negotiis</span> <span class='ocrx_word' id='word_1_176' title='bbox 1209 1070 1271 1105; x_wconf 93' lang='lat' dir='ltr'>vel</span> <span class='ocrx_word' id='word_1_177' title='bbox 1296 1069 1576 1106; x_wconf 88' lang='lat' dir='ltr'>difficultatibus</span> 
     </span>
     <span class='ocr_line' id='line_1_19' title="bbox 166 1122 1575 1170; baseline -0.001 -11"><span class='ocrx_word' id='word_1_178' title='bbox 166 1122 265 1170; x_wconf 83' lang='lat' dir='ltr'>apud</span> <span class='ocrx_word' id='word_1_179' title='bbox 290 1123 488 1159; x_wconf 87' lang='lat' dir='ltr'>Isocratem</span> <span class='ocrx_word' id='word_1_180' title='bbox 519 1135 594 1159; x_wconf 89' lang='lat' dir='ltr'>non</span> <span class='ocrx_word' id='word_1_181' title='bbox 621 1123 785 1159; x_wconf 85' lang='lat' dir='ltr'>occurrit.</span> <span class='ocrx_word' id='word_1_182' title='bbox 835 1122 903 1159; x_wconf 93' lang='lat' dir='ltr'>Hic</span> <span class='ocrx_word' id='word_1_183' title='bbox 936 1122 1052 1159; x_wconf 89' lang='lat' dir='ltr'>habet</span> <span class='ocrx_word' id='word_1_184' title='bbox 1079 1123 1170 1168; x_wconf 87' lang='lat'>7,33</span> <span class='ocrx_word' id='word_1_185' title='bbox 1195 1124 1306 1158; x_wconf 83' lang='grc' dir='ltr'><strong><em>πολλὰ</em></strong></span> <span class='ocrx_word' id='word_1_186' title='bbox 1336 1137 1394 1169; x_wconf 86' lang='grc' dir='ltr'>πρ.</span> <span class='ocrx_word' id='word_1_187' title='bbox 1425 1124 1575 1169; x_wconf 78' lang='grc' dir='ltr'><strong><em>σχόντες,</em></strong></span> 
     </span>
     <span class='ocr_line' id='line_1_20' title="bbox 163 1176 926 1224; baseline -0.001 -12"><span class='ocrx_word' id='word_1_188' title='bbox 163 1177 312 1224; x_wconf 89' lang='lat' dir='ltr'>saepius</span> <span class='ocrx_word' id='word_1_189' title='bbox 338 1191 396 1223; x_wconf 86' lang='grc' dir='ltr'>πρ.</span> <span class='ocrx_word' id='word_1_190' title='bbox 422 1179 596 1223; x_wconf 80' lang='grc' dir='ltr'><strong><em>παρέχειν,</em></strong></span> <span class='ocrx_word' id='word_1_191' title='bbox 622 1178 667 1212; x_wconf 89' lang='lat' dir='ltr'>ut</span> <span class='ocrx_word' id='word_1_192' title='bbox 695 1176 796 1222; x_wconf 89' lang='lat'>10,1‚</span> <span class='ocrx_word' id='word_1_193' title='bbox 824 1176 926 1211; x_wconf 91' lang='lat' dir='ltr'>alias.</span> 
     </span>
    </p>

    <p class='ocr_par' dir='ltr' id='par_1_5' title="bbox 161 1230 1576 1654">
     <span class='ocr_line' id='line_1_21' title="bbox 280 1230 1575 1276; baseline 0.001 -11"><span class='ocrx_word' id='word_1_194' title='bbox 280 1232 433 1276; x_wconf 84' lang='grc' dir='ltr'><strong><em>ἡγοῦμαι</em></strong></span> <span class='ocrx_word' id='word_1_195' title='bbox 468 1231 506 1265; x_wconf 81' lang='grc' dir='ltr'>δὲ</span> <span class='ocrx_word' id='word_1_196' title='bbox 541 1231 792 1276; x_wconf 84' lang='grc' dir='ltr'><strong><em>συμβουλεύειν</em></strong></span> <span class='ocrx_word' id='word_1_197' title='bbox 821 1231 887 1276; x_wconf 85' lang='grc' dir='ltr'>μὲν</span> <span class='ocrx_word' id='word_1_198' title='bbox 918 1231 1036 1276; x_wconf 88' lang='grc' dir='ltr'><strong><em>ἀκμὴν</em></strong></span> <span class='ocrx_word' id='word_1_199' title='bbox 1062 1232 1151 1276; x_wconf 85' lang='grc' dir='ltr'><strong><em>ἔχειν</em></strong></span> <span class='ocrx_word' id='word_1_200' title='bbox 1186 1258 1219 1265; x_wconf 90' lang='grc'>..</span> <span class='ocrx_word' id='word_1_201' title='bbox 1238 1260 1245 1267; x_wconf 96' lang='grc'><strong>.</strong></span> <span class='ocrx_word' id='word_1_202' title='bbox 1280 1230 1347 1265; x_wconf 87' lang='lat' dir='ltr'>His</span> <span class='ocrx_word' id='word_1_203' title='bbox 1381 1230 1420 1266; x_wconf 89' lang='lat' dir='ltr'>in</span> <span class='ocrx_word' id='word_1_204' title='bbox 1453 1230 1575 1266; x_wconf 84' lang='lat' dir='ltr'>verbis</span> 
     </span>
     <span class='ocr_line' id='line_1_22' title="bbox 162 1283 1576 1330; baseline 0 -11"><span class='ocrx_word' id='word_1_205' title='bbox 162 1283 426 1319; x_wconf 87' lang='lat' dir='ltr'>Muenscherus</span> <span class='ocrx_word' id='word_1_206' title='bbox 461 1283 527 1319; x_wconf 92' lang='grc'>1.1.</span> <span class='ocrx_word' id='word_1_207' title='bbox 559 1286 657 1319; x_wconf 90' lang='lat' dir='ltr'>recte</span> <span class='ocrx_word' id='word_1_208' title='bbox 683 1283 815 1326; x_wconf 83' lang='lat' dir='ltr'>haesit,</span> <span class='ocrx_word' id='word_1_209' title='bbox 855 1295 938 1319; x_wconf 88' lang='lat' dir='ltr'>cum</span> <span class='ocrx_word' id='word_1_210' title='bbox 972 1283 1064 1319; x_wconf 86' lang='lat' dir='ltr'>dixit</span> <span class='ocrx_word' id='word_1_211' title='bbox 1102 1283 1297 1320; x_wconf 90' lang='lat' dir='ltr'>dictionem</span> <span class='ocrx_word' id='word_1_212' title='bbox 1336 1285 1454 1330; x_wconf 77' lang='grc' dir='ltr'><strong><em>ἀκμὴν</em></strong></span> <span class='ocrx_word' id='word_1_213' title='bbox 1487 1286 1576 1330; x_wconf 86' lang='grc' dir='ltr'><strong><em>ἔχειν</em></strong></span> 
     </span>
     <span class='ocr_line' id='line_1_23' title="bbox 163 1337 1576 1384; baseline 0 -11"><span class='ocrx_word' id='word_1_214' title='bbox 163 1349 191 1373; x_wconf 91' lang='lat' dir='ltr'>c.</span> <span class='ocrx_word' id='word_1_215' title='bbox 226 1337 409 1374; x_wconf 85' lang='lat' dir='ltr'>infinitivo</span> <span class='ocrx_word' id='word_1_216' title='bbox 444 1349 519 1373; x_wconf 91' lang='lat' dir='ltr'>non</span> <span class='ocrx_word' id='word_1_217' title='bbox 554 1349 637 1373; x_wconf 88' lang='lat' dir='ltr'>esse</span> <span class='ocrx_word' id='word_1_218' title='bbox 672 1349 719 1373; x_wconf 87' lang='lat' dir='ltr'>ex</span> <span class='ocrx_word' id='word_1_219' title='bbox 752 1349 823 1372; x_wconf 92' lang='lat' dir='ltr'>usu</span> <span class='ocrx_word' id='word_1_220' title='bbox 858 1337 1038 1373; x_wconf 86' lang='lat' dir='ltr'>Isocratis.</span> <span class='ocrx_word' id='word_1_221' title='bbox 1089 1337 1207 1373; x_wconf 88' lang='lat' dir='ltr'>Dictio</span> <span class='ocrx_word' id='word_1_222' title='bbox 1238 1338 1319 1384; x_wconf 90' lang='lat' dir='ltr'>ipsa</span> <span class='ocrx_word' id='word_1_223' title='bbox 1343 1339 1461 1384; x_wconf 86' lang='grc' dir='ltr'><strong><em>ἀκμὴν</em></strong></span> <span class='ocrx_word' id='word_1_224' title='bbox 1487 1340 1576 1384; x_wconf 84' lang='grc' dir='ltr'><strong><em>ἔχειν</em></strong></span> 
     </span>
     <span class='ocr_line' id='line_1_24' title="bbox 162 1391 1575 1438; baseline 0.001 -11"><span class='ocrx_word' id='word_1_225' title='bbox 162 1391 296 1437; x_wconf 79' lang='lat' dir='ltr'>legitur</span> <span class='ocrx_word' id='word_1_226' title='bbox 321 1392 421 1438; x_wconf 85' lang='lat' dir='ltr'>apud</span> <span class='ocrx_word' id='word_1_227' title='bbox 447 1403 542 1438; x_wconf 86' lang='lat' dir='ltr'>eum,</span> <span class='ocrx_word' id='word_1_228' title='bbox 575 1394 618 1426; x_wconf 87' lang='lat' dir='ltr'>ut</span> <span class='ocrx_word' id='word_1_229' title='bbox 643 1392 676 1435; x_wconf 83' lang='lat'>5,</span> <span class='ocrx_word' id='word_1_230' title='bbox 692 1391 751 1426; x_wconf 86' lang='lat' dir='ltr'>IO:</span> <span class='ocrx_word' id='word_1_231' title='bbox 790 1392 920 1437; x_wconf 81' lang='grc' dir='ltr'><strong><em>ἀνδρὸς</em></strong></span> <span class='ocrx_word' id='word_1_232' title='bbox 958 1392 1139 1427; x_wconf 75' lang='grc' dir='ltr'><strong><em>ἀνθοῦσαν</em></strong></span> <span class='ocrx_word' id='word_1_233' title='bbox 1176 1392 1238 1437; x_wconf 87' lang='grc' dir='ltr'>τὴν</span> <span class='ocrx_word' id='word_1_234' title='bbox 1276 1392 1395 1437; x_wconf 84' lang='grc' dir='ltr'><strong><em>ἀκμὴν</em></strong></span> <span class='ocrx_word' id='word_1_235' title='bbox 1426 1393 1575 1437; x_wconf 83' lang='grc' dir='ltr'><strong><em>ἔχοντος.</em></strong></span> 
     </span>
     <span class='ocr_line' id='line_1_25' title="bbox 161 1445 1574 1493; baseline 0.001 -12"><span class='ocrx_word' id='word_1_236' title='bbox 161 1445 289 1493; x_wconf 85' lang='lat' dir='ltr'>Neque</span> <span class='ocrx_word' id='word_1_237' title='bbox 316 1457 403 1482; x_wconf 90' lang='lat' dir='ltr'>vero</span> <span class='ocrx_word' id='word_1_238' title='bbox 430 1457 594 1493; x_wconf 87' lang='lat' dir='ltr'>unquam</span> <span class='ocrx_word' id='word_1_239' title='bbox 620 1445 828 1481; x_wconf 82' lang='lat' dir='ltr'>infinitivus</span> <span class='ocrx_word' id='word_1_240' title='bbox 859 1445 905 1481; x_wconf 88' lang='lat' dir='ltr'>ab</span> <span class='ocrx_word' id='word_1_241' title='bbox 936 1445 996 1481; x_wconf 85' lang='lat' dir='ltr'>illo</span> <span class='ocrx_word' id='word_1_242' title='bbox 1028 1445 1216 1482; x_wconf 84' lang='lat' dir='ltr'>substanti</span> <span class='ocrx_word' id='word_1_243' title='bbox 1241 1445 1435 1493; x_wconf 88' lang='lat' dir='ltr'>vopendet.</span> <span class='ocrx_word' id='word_1_244' title='bbox 1477 1445 1574 1482; x_wconf 91' lang='lat' dir='ltr'>Loco</span> 
     </span>
     <span class='ocr_line' id='line_1_26' title="bbox 161 1499 1573 1547; baseline -0.001 -11"><span class='ocrx_word' id='word_1_245' title='bbox 161 1502 299 1546; x_wconf 89' lang='lat' dir='ltr'>autem,</span> <span class='ocrx_word' id='word_1_246' title='bbox 340 1501 402 1547; x_wconf 91' lang='lat' dir='ltr'>qui</span> <span class='ocrx_word' id='word_1_247' title='bbox 437 1502 495 1535; x_wconf 91' lang='lat' dir='ltr'>est</span> <span class='ocrx_word' id='word_1_248' title='bbox 523 1500 587 1544; x_wconf 90' lang='grc'>1,3</span> <span class='ocrx_word' id='word_1_249' title='bbox 622 1501 677 1535; x_wconf 89' lang='grc' dir='ltr'>σοὶ</span> <span class='ocrx_word' id='word_1_250' title='bbox 705 1501 771 1545; x_wconf 89' lang='grc' dir='ltr'>μὲν</span> <span class='ocrx_word' id='word_1_251' title='bbox 796 1500 893 1545; x_wconf 83' lang='grc' dir='ltr'><strong><em>ἀκμὴ</em></strong></span> <span class='ocrx_word' id='word_1_252' title='bbox 921 1501 1135 1545; x_wconf 82' lang='grc' dir='ltr'><strong><em>φιλοσοφεῖν,</em></strong></span> <span class='ocrx_word' id='word_1_253' title='bbox 1173 1499 1226 1534; x_wconf 86' lang='lat' dir='ltr'>nil</span> <span class='ocrx_word' id='word_1_254' title='bbox 1263 1499 1439 1546; x_wconf 89' lang='lat' dir='ltr'>probatur</span> <span class='ocrx_word' id='word_1_255' title='bbox 1476 1499 1573 1547; x_wconf 88' lang='lat' dir='ltr'>apud</span> 
     </span>
     <span class='ocr_line' id='line_1_27' title="bbox 161 1552 1572 1600; baseline 0 -12"><span class='ocrx_word' id='word_1_256' title='bbox 161 1554 360 1589; x_wconf 88' lang='lat' dir='ltr'>Isocratem</span> <span class='ocrx_word' id='word_1_257' title='bbox 389 1553 618 1588; x_wconf 86' lang='lat' dir='ltr'>infinitivum</span> <span class='ocrx_word' id='word_1_258' title='bbox 649 1553 701 1588; x_wconf 89' lang='lat' dir='ltr'>illi</span> <span class='ocrx_word' id='word_1_259' title='bbox 737 1554 973 1589; x_wconf 88' lang='lat' dir='ltr'>substantivo</span> <span class='ocrx_word' id='word_1_260' title='bbox 1005 1552 1101 1599; x_wconf 83' lang='lat' dir='ltr'>addi,</span> <span class='ocrx_word' id='word_1_261' title='bbox 1132 1554 1346 1600; x_wconf 89' lang='lat' dir='ltr'>praesertim</span> <span class='ocrx_word' id='word_1_262' title='bbox 1376 1565 1459 1589; x_wconf 91' lang='lat' dir='ltr'>cum</span> <span class='ocrx_word' id='word_1_263' title='bbox 1485 1565 1532 1589; x_wconf 90' lang='lat' dir='ltr'>or.</span> <span class='ocrx_word' id='word_1_264' title='bbox 1552 1555 1572 1588; x_wconf 87' lang='lat'>1</span> 
     </span>
     <span class='ocr_line' id='line_1_28' title="bbox 162 1606 875 1654; baseline -0.001 -11"><span class='ocrx_word' id='word_1_265' title='bbox 162 1608 324 1654; x_wconf 87' lang='lat' dir='ltr'>spuriam</span> <span class='ocrx_word' id='word_1_266' title='bbox 350 1618 431 1643; x_wconf 88' lang='lat' dir='ltr'>esse</span> <span class='ocrx_word' id='word_1_267' title='bbox 458 1607 536 1642; x_wconf 89' lang='lat' dir='ltr'>veri</span> <span class='ocrx_word' id='word_1_268' title='bbox 562 1607 611 1642; x_wconf 88' lang='lat' dir='ltr'>sit</span> <span class='ocrx_word' id='word_1_269' title='bbox 640 1606 875 1642; x_wconf 90' lang='lat' dir='ltr'>simillimum.</span> 
     </span>
    </p>

    <p class='ocr_par' dir='ltr' id='par_1_6' title="bbox 160 1661 1572 1813">
     <span class='ocr_line' id='line_1_29' title="bbox 281 1661 1572 1707; baseline 0 -12"><span class='ocrx_word' id='word_1_270' title='bbox 281 1663 313 1696; x_wconf 85' lang='grc' dir='ltr'>εἰ</span> <span class='ocrx_word' id='word_1_271' title='bbox 334 1662 384 1707; x_wconf 87' lang='grc' dir='ltr'>μὴ</span> <span class='ocrx_word' id='word_1_272' title='bbox 411 1662 628 1696; x_wconf 85' lang='grc' dir='ltr'><strong><em>παντάπασιν</em></strong></span> <span class='ocrx_word' id='word_1_273' title='bbox 654 1661 893 1706; x_wconf 79' lang='grc' dir='ltr'><strong><em>ἐκλελυμένως</em></strong></span> <span class='ocrx_word' id='word_1_274' title='bbox 912 1661 1129 1706; x_wconf 78' lang='grc' dir='ltr'><strong><em>διαλεχθείην</em></strong></span> <span class='ocrx_word' id='word_1_275' title='bbox 1154 1661 1232 1706; x_wconf 86' lang='grc' dir='ltr'><strong><em>περὶ</em></strong></span> <span class='ocrx_word' id='word_1_276' title='bbox 1249 1662 1375 1696; x_wconf 84' lang='grc' dir='ltr'><strong><em>αὐτῶν.</em></strong></span> <span class='ocrx_word' id='word_1_277' title='bbox 1413 1661 1572 1696; x_wconf 80' lang='grc' dir='ltr'><strong><em>Ἐκλελυ-</em></strong></span> 
     </span>
     <span class='ocr_line' id='line_1_30' title="bbox 160 1712 1572 1761; baseline 0.001 -12"><span class='ocrx_word' id='word_1_278' title='bbox 160 1716 279 1760; x_wconf 85' lang='grc' dir='ltr'><strong><em>μένως</em></strong></span> <span class='ocrx_word' id='word_1_279' title='bbox 305 1714 532 1758; x_wconf 88' lang='lat' dir='ltr'>adverbium,</span> <span class='ocrx_word' id='word_1_280' title='bbox 560 1714 608 1749; x_wconf 89' lang='lat' dir='ltr'>ab</span> <span class='ocrx_word' id='word_1_281' title='bbox 631 1714 801 1749; x_wconf 87' lang='lat' dir='ltr'>Isocratis</span> <span class='ocrx_word' id='word_1_282' title='bbox 828 1724 995 1749; x_wconf 87' lang='lat' dir='ltr'>sermone</span> <span class='ocrx_word' id='word_1_283' title='bbox 1030 1712 1190 1749; x_wconf 90' lang='lat' dir='ltr'>alienum</span> <span class='ocrx_word' id='word_1_284' title='bbox 1216 1715 1274 1749; x_wconf 87' lang='lat' dir='ltr'>est</span> <span class='ocrx_word' id='word_1_285' title='bbox 1299 1716 1338 1750; x_wconf 89' lang='lat' dir='ltr'>et</span> <span class='ocrx_word' id='word_1_286' title='bbox 1362 1714 1572 1761; x_wconf 87' lang='lat' dir='ltr'>posterioris</span> 
     </span>
     <span class='ocr_line' id='line_1_31' title="bbox 162 1766 1347 1813; baseline 0 -10"><span class='ocrx_word' id='word_1_287' title='bbox 162 1768 373 1813; x_wconf 83' lang='lat' dir='ltr'>graecitatis</span> <span class='ocrx_word' id='word_1_288' title='bbox 399 1767 545 1803; x_wconf 89' lang='lat' dir='ltr'>videtur</span> <span class='ocrx_word' id='word_1_289' title='bbox 572 1778 667 1812; x_wconf 85' lang='lat' dir='ltr'>esse3</span> <span class='ocrx_word' id='word_1_290' title='bbox 694 1767 828 1811; x_wconf 89' lang='lat' dir='ltr'>legitur</span> <span class='ocrx_word' id='word_1_291' title='bbox 854 1766 951 1802; x_wconf 90' lang='lat' dir='ltr'>enim</span> <span class='ocrx_word' id='word_1_292' title='bbox 978 1766 1076 1813; x_wconf 89' lang='lat' dir='ltr'>apud</span> <span class='ocrx_word' id='word_1_293' title='bbox 1100 1767 1347 1803; x_wconf 85' lang='lat' dir='ltr'>Plutarchum.</span> 
     </span>
    </p>

    <p class='ocr_par' dir='ltr' id='par_1_7' title="bbox 157 1821 1573 2297">
     <span class='ocr_line' id='line_1_32' title="bbox 278 1821 1572 1866; baseline 0.002 -11"><span class='ocrx_word' id='word_1_294' title='bbox 278 1821 359 1856; x_wconf 88' lang='lat' dir='ltr'>Par.</span> <span class='ocrx_word' id='word_1_295' title='bbox 378 1821 414 1855; x_wconf 78' lang='lat'>7:</span> <span class='ocrx_word' id='word_1_296' title='bbox 440 1821 490 1866; x_wconf 88' lang='grc' dir='ltr'>μὴ</span> <span class='ocrx_word' id='word_1_297' title='bbox 517 1821 717 1865; x_wconf 74' lang='grc' dir='ltr'><strong><em>’θαυμάζετε</em></strong></span> <span class='ocrx_word' id='word_1_298' title='bbox 735 1821 766 1854; x_wconf 78' lang='grc' dir='ltr'>δ’</span> <span class='ocrx_word' id='word_1_299' title='bbox 786 1821 829 1854; x_wconf 85' lang='grc' dir='ltr'>ἄν</span> <span class='ocrx_word' id='word_1_300' title='bbox 846 1834 876 1854; x_wconf 90' lang='grc' dir='ltr'><strong><em>τι</em></strong></span> <span class='ocrx_word' id='word_1_301' title='bbox 901 1821 1081 1866; x_wconf 85' lang='grc' dir='ltr'><strong><em>φαίνωμαι</em></strong></span> <span class='ocrx_word' id='word_1_302' title='bbox 1105 1822 1218 1866; x_wconf 89' lang='grc' dir='ltr'><strong><em>λέγων</em></strong></span> <span class='ocrx_word' id='word_1_303' title='bbox 1245 1850 1251 1856; x_wconf 93' lang='grc'><strong>.</strong></span> <span class='ocrx_word' id='word_1_304' title='bbox 1270 1850 1277 1857; x_wconf 92' lang='grc'><strong>.</strong></span> <span class='ocrx_word' id='word_1_305' title='bbox 1296 1848 1303 1856; x_wconf 93' lang='grc'><strong>.</strong></span> <span class='ocrx_word' id='word_1_306' title='bbox 1322 1849 1329 1857; x_wconf 94' lang='grc'><strong>.</strong></span> <span class='ocrx_word' id='word_1_307' title='bbox 1355 1821 1458 1857; x_wconf 86' lang='lat' dir='ltr'>Haec</span> <span class='ocrx_word' id='word_1_308' title='bbox 1483 1832 1572 1857; x_wconf 79' lang='lat' dir='ltr'>con-</span> 
     </span>
     <span class='ocr_line' id='line_1_33' title="bbox 161 1873 1572 1919; baseline 0.001 -10"><span class='ocrx_word' id='word_1_309' title='bbox 161 1874 314 1910; x_wconf 90' lang='lat' dir='ltr'>structio</span> <span class='ocrx_word' id='word_1_310' title='bbox 349 1873 453 1909; x_wconf 83' lang='lat' dir='ltr'>verbi</span> <span class='ocrx_word' id='word_1_311' title='bbox 477 1875 674 1919; x_wconf 74' lang='grc' dir='ltr'><strong><em>θαυμάζειν</em></strong></span> <span class='ocrx_word' id='word_1_312' title='bbox 709 1873 756 1908; x_wconf 89' lang='lat' dir='ltr'>ab</span> <span class='ocrx_word' id='word_1_313' title='bbox 790 1873 959 1909; x_wconf 90' lang='lat' dir='ltr'>Isocratis</span> <span class='ocrx_word' id='word_1_314' title='bbox 994 1886 1065 1909; x_wconf 89' lang='lat' dir='ltr'>usu</span> <span class='ocrx_word' id='word_1_315' title='bbox 1099 1873 1233 1910; x_wconf 78' lang='lat' dir='ltr'>dissert.</span> <span class='ocrx_word' id='word_1_316' title='bbox 1285 1874 1323 1910; x_wconf 86' lang='lat' dir='ltr'>si</span> <span class='ocrx_word' id='word_1_317' title='bbox 1349 1886 1373 1910; x_wconf 91' lang='lat' dir='ltr'>a</span> <span class='ocrx_word' id='word_1_318' title='bbox 1397 1874 1510 1910; x_wconf 88' lang='lat' dir='ltr'>verbo</span> <span class='ocrx_word' id='word_1_319' title='bbox 1536 1876 1572 1911; x_wconf 77' lang='grc' dir='ltr'>θ.</span> 
     </span>
     <span class='ocr_line' id='line_1_34' title="bbox 160 1926 1573 1975; baseline 0 -11"><span class='ocrx_word' id='word_1_320' title='bbox 160 1928 397 1964; x_wconf 83' lang='lat' dir='ltr'>enuntiatum</span> <span class='ocrx_word' id='word_1_321' title='bbox 422 1926 570 1975; x_wconf 86' lang='lat' dir='ltr'>pendet,</span> <span class='ocrx_word' id='word_1_322' title='bbox 605 1926 733 1973; x_wconf 87' lang='lat' dir='ltr'>incipit</span> <span class='ocrx_word' id='word_1_323' title='bbox 763 1930 830 1963; x_wconf 91' lang='lat' dir='ltr'>aut</span> <span class='ocrx_word' id='word_1_324' title='bbox 855 1939 878 1963; x_wconf 91' lang='lat' dir='ltr'>a</span> <span class='ocrx_word' id='word_1_325' title='bbox 902 1927 1082 1975; x_wconf 84' lang='lat' dir='ltr'>particula</span> <span class='ocrx_word' id='word_1_326' title='bbox 1107 1930 1139 1964; x_wconf 85' lang='grc' dir='ltr'>εἰ</span> <span class='ocrx_word' id='word_1_327' title='bbox 1160 1929 1204 1964; x_wconf 91' lang='lat' dir='ltr'>ut</span> <span class='ocrx_word' id='word_1_328' title='bbox 1229 1928 1263 1974; x_wconf 85' lang='grc'>8,</span> <span class='ocrx_word' id='word_1_329' title='bbox 1274 1928 1332 1974; x_wconf 84' lang='lat'>33,</span> <span class='ocrx_word' id='word_1_330' title='bbox 1367 1927 1470 1975; x_wconf 85' lang='lat' dir='ltr'>alias,</span> <span class='ocrx_word' id='word_1_331' title='bbox 1506 1929 1573 1965; x_wconf 88' lang='lat' dir='ltr'>aut</span> 
     </span>
     <span class='ocr_line' id='line_1_35' title="bbox 159 1981 1572 2028; baseline 0 -10"><span class='ocrx_word' id='word_1_332' title='bbox 159 1985 224 2018; x_wconf 82' lang='grc' dir='ltr'><strong><em>εἴτε</em></strong></span> <span class='ocrx_word' id='word_1_333' title='bbox 237 2003 285 2007; x_wconf 83' lang='grc'>--</span> <span class='ocrx_word' id='word_1_334' title='bbox 300 1984 364 2017; x_wconf 86' lang='grc' dir='ltr'><strong><em>εἴτε</em></strong></span> <span class='ocrx_word' id='word_1_335' title='bbox 393 1981 448 2026; x_wconf 84' lang='grc'>12,</span> <span class='ocrx_word' id='word_1_336' title='bbox 460 1981 532 2016; x_wconf 83' lang='grc'>235</span> <span class='ocrx_word' id='word_1_337' title='bbox 559 1983 626 2016; x_wconf 81' lang='lat' dir='ltr'>aut</span> <span class='ocrx_word' id='word_1_338' title='bbox 652 1982 734 2016; x_wconf 84' lang='grc' dir='ltr'><strong><em>ὅταν</em></strong></span> <span class='ocrx_word' id='word_1_339' title='bbox 755 1981 867 2026; x_wconf 82' lang='grc'>13,12</span> <span class='ocrx_word' id='word_1_340' title='bbox 894 1983 961 2018; x_wconf 79' lang='lat' dir='ltr'>aut</span> <span class='ocrx_word' id='word_1_341' title='bbox 985 1983 1035 2018; x_wconf 84' lang='grc' dir='ltr'><strong><em>ὅτι</em></strong></span> <span class='ocrx_word' id='word_1_342' title='bbox 1053 1982 1119 2027; x_wconf 76' lang='grc'>6,1</span> <span class='ocrx_word' id='word_1_343' title='bbox 1147 1984 1214 2019; x_wconf 77' lang='lat' dir='ltr'>aut</span> <span class='ocrx_word' id='word_1_344' title='bbox 1240 1983 1324 2018; x_wconf 82' lang='grc' dir='ltr'><strong><em>διότι</em></strong></span> <span class='ocrx_word' id='word_1_345' title='bbox 1348 1984 1392 2018; x_wconf 77' lang='lat' dir='ltr'>ut</span> <span class='ocrx_word' id='word_1_346' title='bbox 1414 1982 1477 2028; x_wconf 86' lang='grc'>5,1</span> <span class='ocrx_word' id='word_1_347' title='bbox 1505 1985 1572 2019; x_wconf 83' lang='lat' dir='ltr'>aut</span> 
     </span>
     <span class='ocr_line' id='line_1_36' title="bbox 159 2035 1571 2084; baseline 0 -12"><span class='ocrx_word' id='word_1_348' title='bbox 159 2038 262 2076; x_wconf 86' lang='grc' dir='ltr'><em>ὅπως</em></span> <span class='ocrx_word' id='word_1_349' title='bbox 287 2035 321 2081; x_wconf 85' lang='grc'>3,</span> <span class='ocrx_word' id='word_1_350' title='bbox 333 2036 371 2080; x_wconf 85' lang='grc'>3;</span> <span class='ocrx_word' id='word_1_351' title='bbox 396 2047 582 2082; x_wconf 87' lang='lat' dir='ltr'>nusquam</span> <span class='ocrx_word' id='word_1_352' title='bbox 604 2035 731 2082; x_wconf 91' lang='lat' dir='ltr'>incipit</span> <span class='ocrx_word' id='word_1_353' title='bbox 749 2047 772 2070; x_wconf 88' lang='lat' dir='ltr'>a</span> <span class='ocrx_word' id='word_1_354' title='bbox 788 2036 969 2082; x_wconf 86' lang='lat' dir='ltr'>particula</span> <span class='ocrx_word' id='word_1_355' title='bbox 985 2038 1036 2072; x_wconf 81' lang='grc' dir='ltr'><strong><em>ἄν.</em></strong></span> <span class='ocrx_word' id='word_1_356' title='bbox 1063 2037 1191 2074; x_wconf 88' lang='lat' dir='ltr'>Altera</span> <span class='ocrx_word' id='word_1_357' title='bbox 1207 2048 1351 2084; x_wconf 91' lang='lat' dir='ltr'>quoque</span> <span class='ocrx_word' id='word_1_358' title='bbox 1369 2036 1571 2073; x_wconf 79' lang='lat' dir='ltr'>difficultas</span> 
     </span>
     <span class='ocr_line' id='line_1_37' title="bbox 157 2089 1570 2137; baseline 0 -11"><span class='ocrx_word' id='word_1_359' title='bbox 157 2092 257 2127; x_wconf 88' lang='lat' dir='ltr'>inest</span> <span class='ocrx_word' id='word_1_360' title='bbox 282 2091 320 2125; x_wconf 90' lang='lat' dir='ltr'>in</span> <span class='ocrx_word' id='word_1_361' title='bbox 348 2089 506 2124; x_wconf 87' lang='lat' dir='ltr'>dictione</span> <span class='ocrx_word' id='word_1_362' title='bbox 531 2090 581 2134; x_wconf 91' lang='grc' dir='ltr'>μὴ</span> <span class='ocrx_word' id='word_1_363' title='bbox 609 2091 807 2135; x_wconf 76' lang='grc' dir='ltr'><strong><em>θαυμάζετε</em></strong></span> <span class='ocrx_word' id='word_1_364' title='bbox 833 2091 864 2125; x_wconf 78' lang='grc' dir='ltr'>δ’</span> <span class='ocrx_word' id='word_1_365' title='bbox 892 2092 942 2126; x_wconf 85' lang='grc' dir='ltr'><strong><em>ἄν.</em></strong></span> <span class='ocrx_word' id='word_1_366' title='bbox 993 2090 1257 2137; x_wconf 81' lang='lat' dir='ltr'>Ljungdahlius</span> <span class='ocrx_word' id='word_1_367' title='bbox 1292 2091 1390 2126; x_wconf 92' lang='lat' dir='ltr'>enim</span> <span class='ocrx_word' id='word_1_368' title='bbox 1415 2090 1476 2127; x_wconf 90' lang='grc'>1.1.</span> <span class='ocrx_word' id='word_1_369' title='bbox 1503 2091 1570 2126; x_wconf 89' lang='lat' dir='ltr'>ob-</span> 
     </span>
     <span class='ocr_line' id='line_1_38' title="bbox 158 2143 1569 2190; baseline 0 -10"><span class='ocrx_word' id='word_1_370' title='bbox 158 2144 325 2180; x_wconf 86' lang='lat' dir='ltr'>servavit</span> <span class='ocrx_word' id='word_1_371' title='bbox 342 2143 578 2188; x_wconf 87' lang='lat' dir='ltr'>negationem</span> <span class='ocrx_word' id='word_1_372' title='bbox 595 2143 646 2188; x_wconf 86' lang='grc' dir='ltr'>μὴ</span> <span class='ocrx_word' id='word_1_373' title='bbox 666 2154 748 2178; x_wconf 91' lang='lat' dir='ltr'>cum</span> <span class='ocrx_word' id='word_1_374' title='bbox 766 2143 981 2190; x_wconf 89' lang='lat' dir='ltr'>imperativo</span> <span class='ocrx_word' id='word_1_375' title='bbox 999 2144 1060 2180; x_wconf 91' lang='lat' dir='ltr'>vel</span> <span class='ocrx_word' id='word_1_376' title='bbox 1078 2143 1310 2180; x_wconf 87' lang='lat' dir='ltr'>coniunctivo</span> <span class='ocrx_word' id='word_1_377' title='bbox 1337 2144 1569 2180; x_wconf 89' lang='lat' dir='ltr'>coniunctam</span> 
     </span>
     <span class='ocr_line' id='line_1_39' title="bbox 157 2196 1569 2245; baseline -0.001 -11"><span class='ocrx_word' id='word_1_378' title='bbox 157 2209 350 2245; x_wconf 90' lang='lat' dir='ltr'>nunquam</span> <span class='ocrx_word' id='word_1_379' title='bbox 385 2196 502 2243; x_wconf 86' lang='lat' dir='ltr'>excipi</span> <span class='ocrx_word' id='word_1_380' title='bbox 532 2196 713 2243; x_wconf 86' lang='lat' dir='ltr'>particula</span> <span class='ocrx_word' id='word_1_381' title='bbox 751 2198 804 2242; x_wconf 67' lang='lat'>653</span> <span class='ocrx_word' id='word_1_382' title='bbox 839 2209 934 2244; x_wconf 91' lang='lat' dir='ltr'>quae</span> <span class='ocrx_word' id='word_1_383' title='bbox 969 2197 1177 2234; x_wconf 88' lang='lat' dir='ltr'>observatio</span> <span class='ocrx_word' id='word_1_384' title='bbox 1212 2209 1301 2234; x_wconf 83' lang='lat' dir='ltr'>vera-</span> <span class='ocrx_word' id='word_1_385' title='bbox 1335 2199 1393 2233; x_wconf 89' lang='lat' dir='ltr'>est</span> <span class='ocrx_word' id='word_1_386' title='bbox 1427 2198 1569 2234; x_wconf 89' lang='lat' dir='ltr'>collatis</span> 
     </span>
     <span class='ocr_line' id='line_1_40' title="bbox 157 2250 1569 2297; baseline -0.001 -10"><span class='ocrx_word' id='word_1_387' title='bbox 157 2252 245 2288; x_wconf 88' lang='lat' dir='ltr'>locis</span> <span class='ocrx_word' id='word_1_388' title='bbox 279 2252 318 2287; x_wconf 89' lang='lat' dir='ltr'>in</span> <span class='ocrx_word' id='word_1_389' title='bbox 343 2250 473 2286; x_wconf 87' lang='lat' dir='ltr'>indicis</span> <span class='ocrx_word' id='word_1_390' title='bbox 499 2261 532 2296; x_wconf 89' lang='lat' dir='ltr'>p.</span> <span class='ocrx_word' id='word_1_391' title='bbox 550 2251 597 2285; x_wconf 82' lang='lat'>25</span> <span class='ocrx_word' id='word_1_392' title='bbox 624 2262 652 2285; x_wconf 75' lang='lat' dir='ltr'>s·</span> <span class='ocrx_word' id='word_1_393' title='bbox 671 2262 704 2286; x_wconf 94' lang='lat' dir='ltr'>v.</span> <span class='ocrx_word' id='word_1_394' title='bbox 729 2253 779 2296; x_wconf 87' lang='grc' dir='ltr'>μή</span> <span class='ocrx_word' id='word_1_395' title='bbox 808 2251 842 2296; x_wconf 86' lang='grc' dir='ltr'>(Ι,</span> <span class='ocrx_word' id='word_1_396' title='bbox 852 2251 885 2296; x_wconf 88' lang='grc'>3)</span> <span class='ocrx_word' id='word_1_397' title='bbox 913 2253 951 2287; x_wconf 91' lang='lat' dir='ltr'>et</span> <span class='ocrx_word' id='word_1_398' title='bbox 977 2263 1004 2287; x_wconf 87' lang='lat' dir='ltr'>s.</span> <span class='ocrx_word' id='word_1_399' title='bbox 1023 2263 1056 2287; x_wconf 93' lang='lat' dir='ltr'>v.</span> <span class='ocrx_word' id='word_1_400' title='bbox 1082 2252 1205 2297; x_wconf 81' lang='grc' dir='ltr'><strong><em>μηδείς</em></strong></span> <span class='ocrx_word' id='word_1_401' title='bbox 1232 2251 1264 2295; x_wconf 89' lang='grc'>(3</span> <span class='ocrx_word' id='word_1_402' title='bbox 1275 2254 1308 2296; x_wconf 91' lang='lat' dir='ltr'>a)</span> <span class='ocrx_word' id='word_1_403' title='bbox 1337 2252 1569 2287; x_wconf 86' lang='lat' dir='ltr'>enumeratis.</span> 
     </span>
    </p>
   </div>
   <div class='ocr_carea' id='block_1_3' title="bbox 156 2320 392 2326">
    <p class='ocr_par' dir='ltr' id='par_1_8' title="bbox 156 2320 392 2326">
     <span class='ocr_line' id='line_1_41' title="bbox 156 2320 392 2326; baseline 0 0"><span class='ocrx_word' id='word_1_404' title='bbox 156 2320 392 2326; x_wconf 95' lang='lat' dir='ltr'> </span> 
     </span>
    </p>
   </div>
   <div class='ocr_carea' id='block_1_4' title="bbox 156 2345 1569 2518">
    <p class='ocr_par' dir='ltr' id='par_1_9' title="bbox 156 2345 1569 2518">
     <span class='ocr_line' id='line_1_42' title="bbox 157 2345 1568 2387; baseline 0.001 -10"><span class='ocrx_word' id='word_1_405' title='bbox 157 2347 238 2386; x_wconf 83' lang='grc' dir='ltr'><strong><em>λόγοι</em></strong></span> <span class='ocrx_word' id='word_1_406' title='bbox 258 2349 368 2378; x_wconf 87' lang='lat' dir='ltr'>eodem</span> <span class='ocrx_word' id='word_1_407' title='bbox 389 2357 482 2378; x_wconf 84' lang='lat' dir='ltr'>sensu</span> <span class='ocrx_word' id='word_1_408' title='bbox 504 2356 540 2376; x_wconf 85' lang='lat' dir='ltr'>ac</span> <span class='ocrx_word' id='word_1_409' title='bbox 561 2345 644 2384; x_wconf 75' lang='grc' dir='ltr'><strong><em>λόγος</em></strong></span> <span class='ocrx_word' id='word_1_410' title='bbox 656 2347 686 2377; x_wconf 89' lang='lat' dir='ltr'>in</span> <span class='ocrx_word' id='word_1_411' title='bbox 702 2347 835 2385; x_wconf 87' lang='lat' dir='ltr'>epistula</span> <span class='ocrx_word' id='word_1_412' title='bbox 849 2348 1001 2379; x_wconf 84' lang='lat' dir='ltr'>dicuntur.</span> <span class='ocrx_word' id='word_1_413' title='bbox 1023 2348 1129 2387; x_wconf 84' lang='lat' dir='ltr'>Neque</span> <span class='ocrx_word' id='word_1_414' title='bbox 1144 2348 1254 2378; x_wconf 82' lang='lat' dir='ltr'>merito</span> <span class='ocrx_word' id='word_1_415' title='bbox 1270 2348 1379 2378; x_wconf 77' lang='lat' dir='ltr'>Gratia</span> <span class='ocrx_word' id='word_1_416' title='bbox 1399 2349 1458 2383; x_wconf 89' lang='lat'>(1.1.</span> <span class='ocrx_word' id='word_1_417' title='bbox 1480 2357 1509 2387; x_wconf 83' lang='lat' dir='ltr'>p.</span> <span class='ocrx_word' id='word_1_418' title='bbox 1521 2348 1568 2386; x_wconf 83' lang='lat'>52)</span> 
     </span>
     <span class='ocr_line' id='line_1_43' title="bbox 156 2390 1568 2430; baseline -0.001 -8"><span class='ocrx_word' id='word_1_419' title='bbox 156 2394 304 2422; x_wconf 77' lang='lat' dir='ltr'>adnotat:</span> <span class='ocrx_word' id='word_1_420' title='bbox 327 2401 397 2421; x_wconf 90' lang='lat' dir='ltr'>cum</span> <span class='ocrx_word' id='word_1_421' title='bbox 419 2391 600 2421; x_wconf 89' lang='lat' dir='ltr'>adverbium</span> <span class='ocrx_word' id='word_1_422' title='bbox 616 2390 701 2420; x_wconf 87' lang='lat' dir='ltr'>haud</span> <span class='ocrx_word' id='word_1_423' title='bbox 715 2400 837 2427; x_wconf 88' lang='lat' dir='ltr'>nomen,</span> <span class='ocrx_word' id='word_1_424' title='bbox 860 2393 915 2422; x_wconf 83' lang='lat' dir='ltr'>sed</span> <span class='ocrx_word' id='word_1_425' title='bbox 928 2393 1056 2421; x_wconf 88' lang='lat' dir='ltr'>verbum</span> <span class='ocrx_word' id='word_1_426' title='bbox 1072 2394 1233 2430; x_wconf 84' lang='lat' dir='ltr'>temperet,</span> <span class='ocrx_word' id='word_1_427' title='bbox 1256 2392 1351 2422; x_wconf 87' lang='lat' dir='ltr'>dictio</span> <span class='ocrx_word' id='word_1_428' title='bbox 1364 2390 1476 2429; x_wconf 77' lang='grc' dir='ltr'><strong><em>μᾶλλον</em></strong></span> <span class='ocrx_word' id='word_1_429' title='bbox 1488 2390 1514 2421; x_wconf 80' lang='grc' dir='ltr'>λ.</span> <span class='ocrx_word' id='word_1_430' title='bbox 1529 2390 1568 2427; x_wconf 79' lang='grc' dir='ltr'>ἐχ.</span> 
     </span>
     <span class='ocr_line' id='line_1_44' title="bbox 158 2434 1569 2475; baseline -0.001 -9"><span class='ocrx_word' id='word_1_431' title='bbox 158 2436 314 2474; x_wconf 84' lang='lat' dir='ltr'>oastigata</span> <span class='ocrx_word' id='word_1_432' title='bbox 333 2445 397 2465; x_wconf 91' lang='lat' dir='ltr'>non</span> <span class='ocrx_word' id='word_1_433' title='bbox 419 2439 477 2465; x_wconf 83' lang='lat' dir='ltr'>est.</span> <span class='ocrx_word' id='word_1_434' title='bbox 520 2435 587 2472; x_wconf 84' lang='lat' dir='ltr'>Qui,</span> <span class='ocrx_word' id='word_1_435' title='bbox 609 2435 636 2464; x_wconf 89' lang='lat' dir='ltr'>si</span> <span class='ocrx_word' id='word_1_436' title='bbox 657 2437 739 2464; x_wconf 83' lang='lat' dir='ltr'>recte</span> <span class='ocrx_word' id='word_1_437' title='bbox 759 2436 855 2465; x_wconf 82' lang='lat' dir='ltr'>verba</span> <span class='ocrx_word' id='word_1_438' title='bbox 875 2437 940 2466; x_wconf 89' lang='lat' dir='ltr'>eius</span> <span class='ocrx_word' id='word_1_439' title='bbox 954 2435 1170 2474; x_wconf 81' lang='lat' dir='ltr'>intellegimus,</span> <span class='ocrx_word' id='word_1_440' title='bbox 1192 2444 1247 2475; x_wconf 87' lang='lat' dir='ltr'>pro</span> <span class='ocrx_word' id='word_1_441' title='bbox 1260 2434 1372 2473; x_wconf 79' lang='grc' dir='ltr'><strong><em>μᾶλλον</em></strong></span> <span class='ocrx_word' id='word_1_442' title='bbox 1384 2435 1476 2466; x_wconf 86' lang='lat' dir='ltr'>scribi</span> <span class='ocrx_word' id='word_1_443' title='bbox 1489 2435 1569 2465; x_wconf 86' lang='lat' dir='ltr'>velle</span> 
     </span>
     <span class='ocr_line' id='line_1_45' title="bbox 158 2478 1397 2518; baseline 0.001 -9"><span class='ocrx_word' id='word_1_444' title='bbox 158 2481 281 2510; x_wconf 80' lang='lat' dir='ltr'>videtur</span> <span class='ocrx_word' id='word_1_445' title='bbox 300 2480 430 2517; x_wconf 78' lang='grc' dir='ltr'><strong><em>μείζονα.</em></strong></span> <span class='ocrx_word' id='word_1_446' title='bbox 470 2478 583 2517; x_wconf 83' lang='grc' dir='ltr'><strong><em>μᾶλλον</em></strong></span> <span class='ocrx_word' id='word_1_447' title='bbox 604 2482 710 2509; x_wconf 82' lang='lat' dir='ltr'>autem</span> <span class='ocrx_word' id='word_1_448' title='bbox 731 2488 794 2509; x_wconf 92' lang='lat' dir='ltr'>non</span> <span class='ocrx_word' id='word_1_449' title='bbox 815 2480 856 2510; x_wconf 89' lang='lat' dir='ltr'>ad</span> <span class='ocrx_word' id='word_1_450' title='bbox 876 2479 969 2518; x_wconf 81' lang='grc' dir='ltr'><strong><em>λόγον,</em></strong></span> <span class='ocrx_word' id='word_1_451' title='bbox 991 2480 1045 2510; x_wconf 85' lang='lat' dir='ltr'>sed</span> <span class='ocrx_word' id='word_1_452' title='bbox 1065 2480 1106 2510; x_wconf 79' lang='lat' dir='ltr'>ad</span> <span class='ocrx_word' id='word_1_453' title='bbox 1126 2478 1152 2509; x_wconf 83' lang='grc' dir='ltr'>λ.</span> <span class='ocrx_word' id='word_1_454' title='bbox 1173 2480 1246 2516; x_wconf 76' lang='grc' dir='ltr'><strong><em>ἔχειν</em></strong></span> <span class='ocrx_word' id='word_1_455' title='bbox 1265 2481 1397 2510; x_wconf 83' lang='lat' dir='ltr'>additur.</span> 
     </span>
    </p>
   </div>
  </div>
 </body>
</html>
