1770 2749
766 106 1009 140 -22—

186 205 219 248 3,
233 204 289 239 39.
316 202 350 247 5,
362 202 484 237 21.90.
499 202 576 237 100.
629 201 769 245 Quibus
807 203 897 239 locis
934 204 971 238 in
1014 215 1103 239 voce
1141 205 1166 239 ἒ.
1194 204 1267 239 alia
1308 205 1365 239 vis
1408 206 1518 251 atque
1556 205 1595 240 in

186 256 346 305 epistula
370 256 478 300 inest,
505 255 570 290 ubi
589 255 646 290 vis
673 256 856 303 parcendi,
885 256 1074 293 coercendi
1090 257 1292 304 requiritur.
1343 256 1470 305 Neque
1496 257 1596 305 apud

186 312 346 360 Lysiam,
374 309 634 356 Thucydidem,
652 309 941 348 Demosthenem
966 311 1058 348 haec
1076 311 1133 348 vis
1150 311 1337 359 reperitur,
1365 312 1430 348 sed
1448 312 1595 360 saepius

185 366 286 413 apud
323 363 623 410 Xenophontem,
669 365 773 400 cuius
817 377 899 401 cum
943 377 1109 401 sermone
1148 365 1386 410 congruentia
1428 365 1595 401 dictionis
1647 368 1652 374 “

186 419 426 468 epistularum
454 417 602 465 saepius
628 420 752 465 potest
778 418 973 455 observari.

310 502 317 509 .
344 502 351 508 .
378 501 385 508 .
413 474 458 508 ἔτι
485 473 522 507 δὲ
549 477 802 518 συνημερεῦσαι
821 501 827 508 .
846 500 854 509 .
876 473 1098 509 vocabulum
1124 488 1248 520 συνημ.
1275 474 1373 521 apud
1398 474 1595 510 Isocratem

186 540 261 564 non
288 537 473 563 occurrere
492 525 634 561 Keilius
659 527 757 561 recte
775 528 926 562 monuit.
968 526 1031 561 Ille
1050 526 1138 562 dicit
1154 529 1222 562 aut
1247 528 1428 573 ἡμερεύειν
1457 527 1511 572 15,
1523 527 1594 562 241

187 584 230 622 (V.
248 581 270 618 l.
298 583 402 628 ὅιημ.)
442 580 514 615 286
558 581 625 615 aut
668 581 886 626 διημερεύειν
925 580 1025 625 7,48.
1092 581 1229 627 Συνημ.
1268 581 1455 617 invenitur
1497 580 1595 628 apud

185 635 481 682 Xenophontem,
508 634 710 678 Platonem,
739 634 983 670 Aristotelem.

310 717 316 725 .
345 717 351 724 .
379 717 386 725 .
413 716 420 724 .
447 688 586 734 ἥδιστον
608 687 667 722 καὶ
683 688 916 732 λιγυρώτατον
934 687 1049 723 verba
1073 699 1149 724 non
1175 699 1257 724 esse
1284 700 1303 724 θ
1331 687 1595 724 consuetudine

186 744 329 789 generis
364 741 507 778 dicendi
532 741 705 777 Isocratei
731 741 897 776 Blassius
906 741 931 787 ¹)
958 742 1036 788 i'pse
1063 742 1229 787 adnotat,
1266 754 1348 778 cum
1375 743 1478 779 dicit:
1525 742 1595 789 „So

186 797 274 842 geht
300 808 339 832 er
363 797 414 831 im
439 794 634 830 Ausdruck
668 794 759 830 fiber
795 794 851 829 die
878 806 997 839 engen
1024 794 1200 840 Grenzen,
1237 795 1292 830 die
1320 807 1358 831 er
1387 796 1465 831 sich
1491 797 1596 831 sonst

186 850 321 896 steckt,
372 847 582 886 bedeutend
625 847 790 884 hinaus.“
864 847 914 884 Ut
954 848 1051 884 hanc
1094 849 1346 896 quaestionem
1389 849 1596 886 accuratius

186 905 436 948 absolvamus,
472 902 654 938 adiectivo
693 902 778 947 ἡδὺς
814 903 993 938 Isocrates
1028 914 1212 949 nusquam
1239 903 1283 938 de
1313 904 1478 949 personis
1503 915 1595 938 usus

186 960 253 994 est.
297 956 472 993 Conferas
490 955 616 991 velim:
646 955 701 999 10,
713 955 770 990 35.
798 956 831 996 4,
843 956 967 991 2841.
994 956 1096 1000 2‚42.
1123 956 1224 1000 5‚27.
1254 956 1393 1002 12,13O
1420 959 1485 1003 (ep.
1504 957 1537 1002 8,
1551 956 1594 1000 9).

186 1011 318 1054 Semel,
358 1010 458 1055 1,20,
489 1009 636 1054 legitur:
680 1010 797 1054 ἡδέως
838 1010 904 1054 μὲν
942 1011 999 1055 ἔχε
1036 1010 1126 1055 πρὸς
1164 1012 1325 1049 ἅπαντας.
1376 1010 1418 1045 In
1455 1009 1595 1057 reliqua

185 1064 386 1108 graecitate
417 1063 642 1099 adiectivum
676 1063 764 1107 ἡδὺς
800 1062 843 1097 de
878 1063 1044 1109 personis
1079 1062 1209 1099 dicitur
1244 1063 1342 1110 apud
1368 1063 1593 1109 Sophoclem,

185 1118 483 1162 Demosthenem,
509 1116 714 1161 Platonem,
749 1116 996 1161 Plutarchum,
1033 1116 1264 1163 Strabonem,
1290 1116 1503 1153 Lucianum.
1553 1117 1596 1152 In

185 1172 351 1208 Platonis
378 1173 505 1207 autem
532 1170 685 1214 dialogis
712 1169 786 1205 alja
813 1171 891 1205 eius
908 1171 967 1206 vis
993 1172 1051 1206 est
1076 1172 1189 1217 atque
1207 1170 1387 1217 epistulae
1413 1170 1506 1206 loco:
1532 1182 1596 1217 per

185 1225 387 1261 irrisionem
414 1225 510 1260 enim
545 1223 731 1258 hominem
766 1222 967 1270 simplicem
992 1223 1051 1261 vel
1077 1223 1250 1259 stolidum
1282 1224 1467 1269 significat
1491 1223 1597 1260 velut

187 1278 343 1324 Gorgiae
362 1279 409 1314 46
435 1291 467 1325 p.
487 1278 604 1313 491Ε
627 1278 679 1316 ὡς
704 1277 790 1322 ἡδὺς
816 1277 959 1316 εἷ·τοὺς
985 1279 1142 1323 ἠλιθίους
1159 1279 1265 1323 λέγεις
1289 1278 1370 1317 τοὺς
1394 1280 1594 1324 σώφρονας,

186 1333 274 1379 Rep.
297 1333 384 1377 1,11
412 1344 444 1378 p.
464 1331 576 1367 337D
603 1331 690 1376 ἡδὺς
717 1332 784 1375 γὰρ
812 1331 849 1370 εἴ,
876 1330 957 1366 aliis
983 1331 1108 1376 locis.²)

309 1385 543 1421 Adiectivum
584 1386 709 1419 autem
748 1385 899 1429 λιγυρός,
939 1384 1036 1431 quod
1073 1385 1214 1431 proprio
1259 1396 1371 1420 sensu
1409 1384 1594 1430 stridulus,

186 1442 352 1485 argutus,
381 1450 490 1485 saepe
510 1450 655 1485 quoque
674 1449 841 1483 canorus,
869 1438 1007 1473 vocalis
1025 1440 1093 1482 est,
1120 1439 1158 1473 in
1181 1439 1408 1474 orationibus
1425 1439 1594 1474 Isocratis

185 1505 259 1528 non
303 1493 446 1537 legitur.
498 1492 686 1527 Usitatum
730 1493 857 1527 autem
900 1494 958 1527 est
1000 1492 1098 1538 apud
1135 1491 1346 1536 Homerum,
1382 1492 1593 1536 Hesiodum,

184 1547 395 1590 Pindarum,
411 1545 638 1593 Sophoclem,
649 1544 869 1591 Euripidem,
884 1545 1085 1592 Moschum,
1095 1545 1367 1590 Manethonem,
1378 1545 1595 1593 Dionysium

184 1600 262 1636 Per.
306 1599 518 1646 Stephanus
545 1611 571 1634 s.
591 1599 624 1634 h.
643 1611 677 1633 v.
704 1598 875 1634 adnotat:
913 1600 1092 1644 „utuntur
1117 1599 1186 1635 hac
1212 1611 1300 1635 voce
1325 1611 1455 1645 prosae
1482 1599 1595 1635 etiam

187 1653 379 1700 scriptores
406 1653 575 1699 quamvis
601 1654 866 1698 ποιητικωτέρᾳ,
898 1654 941 1687 ut
966 1652 1083 1696 Plato,
1109 1651 1336 1690 Aristoteles.
1363 1652 1594 1698 Plutarchus,

185 1707 384 1753 Dionysius
402 1706 494 1751 Hal„
521 1706 738 1742 Lucianus.“
793 1706 943 1742 Praeter
968 1706 1035 1742 hos
1053 1705 1301 1741 adhibuerunt
1326 1705 1549 1741 adiectivum
1566 1707 1594 1741 λ.

185 1760 288 1796 Philo
315 1762 353 1795 et
371 1760 550 1795 Aristides
577 1761 673 1795 teste
692 1760 913 1804 Schmidio.³)
965 1759 1074 1806 Apud
1092 1759 1294 1805 Diogenem
1307 1759 1426 1795 Laert.
1441 1760 1596 1796 occurrit

185 1814 324 1859 λιγυρὸς
349 1815 494 1860 ποιητὴς
520 1815 558 1850 et
575 1813 673 1860 apud
691 1814 952 1850 Manethonem
970 1815 1156 1860 εὔμουσος,
1174 1814 1314 1859 λιγυρός
1331 1815 1429 1859 ἀνήρ.
1456 1812 1595 1857 Qllibus

187 1867 357 1903 omnibus
392 1868 481 1903 locis
516 1868 738 1904 adiectivum
764 1869 792 1904 λ.
820 1867 893 1904 alia
917 1868 955 1903 vi
989 1870 1189 1915 usurpatur
1226 1870 1338 1914 atque
1364 1868 1402 1902 in
1428 1867 1594 1913 epistula,

185 1922 223 1956 in
250 1932 324 1968 qua
349 1920 425 1956 fere
451 1921 546 1957 idem
565 1921 666 1956 valet
684 1934 727 1957 ac
750 1922 888 1966 suavis,
915 1921 1106 1957 iucundus.
1149 1921 1337 1956 Poeticam
1356 1932 1437 1956 esse
1454 1932 1593 1966 vocem,

184 1974 222 2010 id
249 1973 346 2022 quod
365 1975 488 2010 docuit
505 1974 645 2010 Keilius
663 1974 684 2010 l.
699 1975 719 2010 I.
738 1987 770 2022 p.
788 1970 868 2020 14'4,
896 1987 1044 2012 censere
1062 1977 1233 2010 vetamur
1249 1973 1327 2009 loco
1341 1973 1594 2021 Xenophontis

185 2029 247 2076 qui
285 2028 403 2064 fertur
437 2028 654 2075 Cynegetici,
694 2040 764 2075 quo
799 2029 843 2064 de
879 2041 1012 2064 canum
1048 2028 1174 2065 caudis
1209 2028 1340 2063 dicitur
1374 2029 1450 2074 (4,1
1486 2030 1595 2074 οὐρὰς

182 2084 335 2128 μακρὰς,
376 2083 499 2126 ὀρθὰς,
537 2083 700 2127 λιγυρός).
764 2082 835 2118 Sed
875 2083 971 2128 quod
1009 2082 1206 2126 Blassius4)
1246 2081 1294 2116 ad
1335 2081 1434 2117 hunc
1474 2082 1594 2118 locum

304 2201 322 2235 ¹)
344 2200 411 2229 Att.
434 2199 501 2228 Ber.
516 2198 557 2232 22.
578 2199 638 2228 329
658 2199 747 2228 Anm.
763 2198 790 2228 7.

302 2244 325 2281 2)
347 2243 438 2282 Apud
450 2242 694 2272 Demosthenem
707 2251 831 2281 quoque
852 2249 901 2271 res
912 2242 1001 2272 aliter
1022 2244 1071 2271 est
1085 2244 1267 2280 comparata
1281 2245 1376 2281 atque
1395 2243 1427 2272 in
1449 2243 1593 2281 epistula,

184 2288 256 2326 quia
277 2288 328 2318 hic
349 2286 499 2317 infinitivi
526 2287 566 2316 ab
588 2286 743 2316 adiectivo
764 2284 816 2322 ἡδὺ
801 2297 831 2317 υς
856 2286 1001 2325 pendent,
1030 2286 1071 2316 ibi
1102 2288 1208 2316 autem
1236 2286 1309 2317 illud
1335 2287 1524 2318 adiectivum
1538 2288 1593 2318 ab·

183 2333 285 2361 solute
306 2333 341 2361 ut
362 2332 452 2361 aiunt
473 2333 652 2369 usurpatur:
673 2341 728 2359 κατ
730 2330 829 2368 ’Ἀρισ
830 2341 881 2359 ruo
882 2330 984 2369 ράτους
1003 2330 1057 2360 64:
1088 2329 1174 2368 βούλο
1158 2341 1229 2367 οιμα
1250 2329 1300 2359 δἐι
1277 2328 1352 2359 εἶεῖπ
1350 2330 1435 2360 νδιά
1454 2333 1543 2370 βραχέ
1545 2343 1592 2368 ων,

182 2374 202 2402 ἂ
283 2373 361 2411 ,ἡδί
348 2386 405 2405 ιους
426 2375 489 2403 ἕσεσ
472 2376 529 2403 aas
549 2373 706 2402 ἀκούσαντε
708 2385 729 2404 ς.

301 2419 323 2457 ³)
344 2419 511 2449 Atticimus
533 2419 555 2454 Ι,
570 2418 638 2448 294.

300 2464 323 2501 4)
345 2464 411 2493 Att.
432 2463 501 2493 Ber.
516 2464 543 2500 2,
555 2463 582 2499 2,
595 2462 655 2492 329
675 2464 764 2493 Anm.
779 2463 806 2493 9.
