1770 2749
733 96 976 132 -42-

148 194 201 229 Eo
228 193 341 239 igitur
357 195 530 240 tempore,
557 205 629 240 quo
647 193 698 229 illi
715 193 951 241 tyrannidem
968 192 1133 229 nondum
1152 194 1423 240 occupaverant
1439 193 1565 230 multis

150 247 400 284 excitantibus
433 250 519 295 (par.
538 247 600 283 12:
634 248 786 287 πολλοὺς
812 249 883 289 ἔξω
908 248 989 287 τοὺς
1015 249 1310 294 ,ἐναντιουμένους1
1335 248 1395 283 καὶ
1418 249 1565 293 μάλιστα

148 303 229 341 τοὺς
254 303 334 347 περὶ
358 303 452 348 ὑμᾶς
477 303 589 341 ὄντας.
621 302 718 348 οἶμαι
744 302 811 347 γὰρ
837 303 904 348 οὐχ
928 303 1051 348 ἥκιστα
1068 302 1213 341 τούτους
1230 302 1285 337 ἐπὶ
1301 302 1363 348 τὴν
1379 303 1565 347 τυραννίδα

148 357 359 402 παροξύνειν
392 357 507 402 ὑμᾶς),
544 355 705 402 epistula
733 355 816 403 ipsa
841 367 922 391 sese
948 355 1060 403 ponit.
1110 355 1240 402 Itaque
1265 357 1394 391 nostra
1419 354 1566 402 quidem

149 410 338 446 sententia
354 408 520 445 Blassius
548 411 586 445 et
602 408 773 456 Meyerus
798 403 947 456 teinpus
970 408 1150 456 epistulae
1167 410 1266 445 recte
1284 408 1565 446 constituerunt.

148 463 336 510 Hauptius
375 464 517 508 autem,
558 463 620 510 qui
655 462 757 499 solus
791 463 1017 499 sententiam
1052 462 1279 508 argumentis
1313 462 1405 498 satis
1439 462 1565 498 multis

148 516 276 552 fulcire
302 515 457 557 studuit,
485 518 593 561 errat,
621 516 717 562 quod
744 516 876 552 Iasone
902 516 987 552 vivo
1011 515 1207 563 epistulam
1225 516 1466 562 compositam
1484 527 1565 552 esse

150 569 355 617 existimat;
380 581 479 614 nam,
508 571 550 605 ut
575 570 691 616 ipsius
717 569 841 605 verbis
866 571 962 616 utar,
990 569 1022 605 si
1048 569 1141 614 (Iaso
1168 571 1206 605 et
1223 568 1404 616 Polyalco)
1431 569 1565 605 mortui

148 623 223 660 iam
250 625 387 668 essent⁷
414 624 478 659 vix
505 623 656 659 dubium
682 623 769 659 mihi
798 625 866 668 est,
895 623 983 670 quin
1008 623 1187 659 Isocrates
1212 622 1334 670 paullo
1356 623 1565 659 accuratius

149 678 219 713 hoc
249 676 497 724 descripturus
523 677 643 713 fuerit.
694 677 893 713 Praeterea
918 677 1033 713 verba
1059 677 1155 723 οἶμαι
1181 677 1248 722 γὰρ
1274 679 1317 712 ἂν
1341 677 1404 722 τὴν
1429 678 1566 722 ὁμιλίαν

148 732 210 776 τὴν
245 733 436 777 γενομένην
470 733 597 766 ἅπασιν
631 733 715 777 ἡμῖν
750 735 963 776 συνενεγκεῖν
995 732 1079 777 (par.
1099 732 1132 776 1)
1166 730 1320 782 permire
1347 730 1446 766 dicta
1471 742 1564 776 esse,

150 786 179 820 si
214 785 297 821 Iaso
336 786 376 821 et
410 784 582 832 Polyalco
620 796 696 821 non
734 796 811 821 una
850 785 902 820 eis
942 783 1345 832 comprehenderentur,
1385 784 1564 831 opinatur.

150 839 252 883 Quae
288 841 508 884 argumenta
543 850 654 886 quam
688 839 788 875 levia
822 840 906 883 sint,
943 841 1002 874 est
1034 839 1073 874 in
1099 840 1235 885 aperto.
1287 837 1343 873 Ex
1367 838 1439 874 illis
1466 838 1564 874 enim

148 893 236 939 ipsis
272 892 395 928 verbis
429 904 503 939 par.
523 894 559 928 1:
595 893 665 938 ἐγὼ
701 894 733 928 δ’
752 894 853 928 ἕνεκα
886 893 951 938 μὲν
985 896 1045 938 τῆς
1065 892 1220 931 Ἰάσονος
1245 893 1306 927 καὶ
1330 892 1564 931 Πολυαλκοῢς

149 948 260 987 ξενίας
294 947 411 992 ἡδέως
446 948 489 981 ἂν
515 948 708 993 ἀφικοίμην
734 948 786 985 ὡς
810 948 904 992 ὑμᾶς
928 947 1056 982 nostra
1082 945 1229 992 quidem
1255 945 1442 981 sententia
1468 945 1565 981 effici

149 1011 258 1046 posse
292 1000 439 1035 videtur
472 999 553 1035 illos
584 1002 750 1035 mortuos
778 1011 870 1044 esse,
905 1000 970 1044 ita,
1005 1001 1049 1034 ut
1074 1000 1205 1034 auctor
1230 997 1329 1034 dicat
1353 1010 1393 1034 se
1418 1001 1565 1046 propter

149 1053 361 1100 hospitium,
389 1052 486 1099 quod
513 1053 583 1089 sibi
601 1064 684 1089 eum
701 1052 917 1100 parentibus
934 1051 1055 1097 fuerit,
1082 1051 1240 1088 libenter
1256 1053 1455 1088 venturum
1473 1064 1564 1088 esse.

149 1106 223 1141 Eos
258 1117 333 1142 non
367 1108 532 1142 mortuos
568 1118 649 1142 esse
684 1106 806 1142 verbis
832 1105 904 1141 illis
930 1106 1078 1141 minime
1105 1105 1386 1141 demonstratur.
1436 1106 1564 1153 Neque

150 1161 409 1205 argumentum
436 1162 504 1204 est,
532 1159 630 1207 quod
655 1159 714 1195 ille
740 1171 772 1207 p.
791 1159 840 1194 24
865 1159 987 1204 affert,
1015 1170 1098 1195 cum
1124 1158 1224 1194 dicit:
1255 1159 1458 1205 „quomodo
1484 1161 1565 1196 tum

150 1214 300 1249 Isocrati
335 1213 439 1249 licuit
473 1213 670 1260 epistulam
703 1213 899 1249 inscribere
933 1217 1004 1252 τοῖς
1028 1213 1185 1252 Ἰάσονος
1217 1213 1358 1248 παισίνῬ
1392 1213 1563 1259 quoniam

150 1266 348 1314 tyrannide
376 1270 556 1314 occupata
582 1267 660 1302 51110
688 1266 798 1302 dubio
826 1268 931 1302 erant
957 1265 1108 1311 adulti,“
1138 1277 1221 1302 cum
1246 1277 1375 1302 vocem
1391 1270 1472 1306 παῖς
1490 1278 1564 1302 11011

150 1321 270 1356 50111111
304 1332 468 1367 puerum,
509 1321 575 1356 sed
609 1321 722 1356 etiam
757 1319 1032 1356 adulescentem
1066 1319 1273 1366 significare
1307 1320 1403 1356 inter
1437 1331 1564 1357 omnes

150 1376 306 1412 constet.
357 1375 487 1422 Itaque
522 1374 687 1411 Blassius
723 1374 794 1419 (1.1.
821 1386 854 1422 p.
872 1375 944 1411 297
971 1374 1054 1410 adn.
1071 1375 1106 1419 8)
1140 1376 1239 1410 10010
1274 1374 1421 1410 statuit:
1459 1374 1565 1421 „irrig

149 1429 198 1464 ist
234 1428 291 1464 die
327 1428 655 1474 Zeitbestimmung
688 1440 763 1464 von
796 1428 840 1464 H.
866 1428 994 1475 Haupt
1028 1427 1094 1463 auf
1127 1428 1230 1464 373.“
1283 1427 1342 1463 Ad
1375 1428 1410 1464 id
1438 1430 1565 1466 autem

148 1485 311 1529 tempus,
353 1481 450 1529 quod
484 1481 736 1518 Alexandrum
770 1481 1006 1518 interfectum
1042 1481 1283 1517 subsecutum
1318 1483 1390 1526 est,
1427 1482 1562 1528 optime

149 1536 344 1582 quadra-nt,
381 1547 476 1582 quae
511 1547 587 1582 par.
606 1536 628 1571 3
663 1535 849 1580 leguntur:
884 1537 960 1581 ὁρῶ
987 1536 1053 1580 γὰρ
1078 1535 1140 1573 τὰς
1165 1536 1365 1581 συμμαχίας
1390 1536 1450 1574 τὰς
1474 1536 1565 1581 πρὸς

149 1590 257 1635 αὐτὴν
284 1591 491 1635 γιγνομένας
516 1591 653 1635 ταχέως
679 1590 920 1635 ὃιαλυομένας.
963 1588 1058 1623 Tum
1076 1588 1173 1624 enim
1190 1589 1242 1624 rei
1258 1588 1426 1635 publicae
1444 1589 1563 1625 Athe-

149 1642 334 1678 niensium
373 1642 534 1679 condicio
573 1643 735 1690 pessima
773 1644 863 1678 erat.
914 1642 1010 1678 Socii
1048 1641 1219 1689 permulti
1255 1641 1327 1678 illis
1366 1654 1563 1690 eorumque

150 1697 279 1743 opibus
315 1696 430 1732 diffisi
465 1697 512 1736 ab
546 1696 618 1733 illis
652 1696 809 1733 deficere
844 1697 1053 1744 coeperunt,
1089 1708 1162 1743 qua
1188 1696 1231 1732 de
1257 1707 1295 1732 re
1323 1695 1563 1733 conferendus

151 1754 208 1786 est
233 1750 402 1798 Meyerus
428 1751 451 1786 l.
469 1751 490 1786 l.
517 1764 549 1798 p.
567 1751 650 1788 477.
677 1751 759 1787 479.
785 1750 868 1786 484.
939 1756 943 1759 ’

268 1804 444 1851 Tempore
480 1804 661 1851 epistulae
697 1804 900 1840 constituto
934 1814 1033 1839 nunc
1065 1803 1175 1840 liceat
1200 1804 1361 1840 breviter
1386 1803 1562 1841 disserere

150 1857 194 1893 de
221 1860 304 1894 tota
329 1858 408 1894 eius
434 1858 565 1894 indole.

270 1914 391 1958 Atque
419 1913 563 1958 oportet
589 1922 915 1947 commemoremus
941 1911 1136 1958 epistulam
1154 1913 1300 1948 sextam
1319 1911 1486 1948 similiter
1502 1914 1561 1948 at-

150 1978 221 2012 que
249 1977 302 2012 ep.
330 1967 500 2011 quartam
528 1964 752 2000 obscuritate
779 1963 938 2011 quadam
966 1964 1136 2001 obrutam
1163 1977 1254 2002 esse.
1305 1966 1358 2001 De
1379 1965 1563 2011 legatione

150 2020 259 2065 enim,
288 2030 384 2066 quae
411 2018 458 2055 ab
477 2018 767 2054 Atheniensibus
786 2018 832 2054 ad
851 2018 1046 2055 Thessalos
1072 2019 1187 2055 missa
1204 2031 1286 2056 esse
1304 2019 1435 2056 dicitur
1451 2032 1526 2067 par.
1541 2022 1561 2056 1

150 2074 346 2119 (ἀπήγγειλέ
362 2087 411 2112 τις
427 2087 489 2118 μοι
505 2076 577 2108 τῶν
593 2074 882 2118 πρεσβευσάντων
901 2074 952 2112 ὡς
965 2075 1080 2120 ὑμᾶς),
1099 2073 1198 2121 apud
1215 2073 1357 2109 nullum
1375 2076 1563 2110 auctorem

148 2127 403 2163 testimonium
422 2128 554 2162 exstat.
581 2126 707 2173 Neque
726 2126 921 2174 quicquam
935 2128 1024 2163 certi
1037 2129 1106 2172 est,
1125 2139 1197 2175 quo
1211 2126 1363 2175 Hauptii
1376 2128 1564 2164 sententia

148 2183 300 2218 nitatur.
333 2180 403 2225 Qui
419 2180 501 2216 illos
518 2180 556 2216 in
571 2180 799 2218 Thessaliam
816 2180 960 2227 legatos
978 2182 1121 2218 misisse
1141 2183 1276 2227 censet,
1306 2183 1371 2228 „ut
1386 2181 1563 2220 honorem

148 2236 202 2272 ita
216 2236 340 2272 Iasoni
353 2235 546 2280 haberent,
564 2236 777 2282 praesertim
792 2248 874 2271 eum
888 2236 1078 2282 permagni
1092 2236 1170 2271 sine
1185 2235 1295 2272 dubio
1310 2236 1561 2281 aestimarent,

150 2289 247 2336 quod
281 2290 340 2325 hic
374 2288 515 2325 viribus
549 2288 777 2336 praepollens
809 2289 856 2325 ad
881 2290 989 2336 ipsos
1007 2290 1255 2325 accessisset.“
1308 2289 1410 2326 Haec
1436 2291 1563 2326 autem

150 2344 283 2387 onmia,
304 2355 399 2390 quae
417 2342 478 2379 ille
496 2354 578 2390 pag.
592 2342 638 2378 26
657 2342 678 2378 l.
693 2342 713 2378 l.
733 2343 777 2379 de
794 2342 979 2388 legatione
997 2343 1178 2391 exposuit,
1205 2343 1283 2390 ipse
1301 2343 1561 2390 excogitavit.¹)

269 2422 288 2460 ¹)
310 2422 356 2451 De
384 2421 538 2452 societate
558 2420 677 2450 Iasonis
705 2422 737 2450 01
757 2420 991 2451 Atheniensium
1019 2423 1151 2460 egerunt
1170 2421 1313 2460 Meyerus
1333 2422 1352 2452 Ι.
1367 2422 1385 2451 l.
1407 2431 1437 2461 p.
1450 2421 1509 2460 395
1530 2423 1563 2452 et

150 2465 309 2496 Fabricius
323 2466 355 2495 in
370 2466 447 2496 Mus.
458 2465 559 2496 Rhen.
573 2464 621 2501 46,
633 2464 692 2495 589
702 2474 769 2504 sqq.
790 2465 847 2495 Hic
861 2466 1086 2496 demonstravit
1099 2466 1240 2496 Iasonem
1259 2466 1330 2496 inde
1351 2467 1390 2496 ab
1411 2468 1562 2496 autumno
