1770 2749
737 102 977 138 —30-

153 201 231 245 Quo
258 200 336 237 loco
363 212 437 236 non
464 202 770 236 commemoratur
796 199 1063 236 Orchomenum
1090 200 1167 236 solo
1194 202 1393 246 aequatam
1411 204 1503 245 esse,
1528 199 1566 235 id

152 253 250 302 quod
285 254 420 291 accidit
454 265 552 290 anno
578 254 653 290 fere
680 253 793 301 3e4s3
819 255 916 291 teste
941 253 1099 290 Diodoro
1128 255 1183 300 15,
1196 253 1279 300 79.1)
1332 253 1451 298 Quare
1478 255 1565 290 ante

152 310 252 345 hunc
278 321 422 356 quoque
449 320 589 344 annum
615 309 675 344 ille
701 309 921 345 contionans
946 308 1141 355 inducitur,
1169 320 1289 355 neque
1307 308 1405 344 enim
1423 309 1457 344 ei
1475 310 1564 353 erat,

153 374 217 398 cur
243 362 512 398 Orchomenum
547 363 745 407 omitteret,
778 363 809 398 si
842 365 927 409 post
960 361 1064 397 illum
1094 374 1234 397 annum
1260 373 1305 397 ea
1330 362 1446 397 verba
1469 361 1566 398 fecit.

272 416 468 452 Praeterea
494 427 541 451 ex
558 415 629 452 hac
646 417 875 464 paragrapho
902 415 1121 462 colliguntur
1146 415 1218 452 duo
1245 416 1344 460 anni,
1373 417 1457 463 post
1474 427 1566 463 quos

155 471 271 506 oratio
299 472 380 505 orta
406 472 472 505 est.
523 470 619 505 Nam
647 482 729 506 cum
756 470 937 516 Thespiae
964 481 1062 505 anno
1081 470 1194 515 375s4
1221 472 1259 505 et
1275 470 1451 505 Plataeae
1469 481 1566 505 anno

154 523 267 570 374s3
294 535 317 558 a
343 523 531 558 Thebanis
557 523 702 560 deletae
729 523 813 568 sint,
842 523 958 559 oratio
985 525 1069 570 post
1095 534 1158 559 eos
1182 534 1300 559 annos
1318 523 1454 570 scripta
1472 524 1565 568 est.²)

155 577 227 613 Sed
254 577 367 613 etiam
393 580 478 624 post
504 589 644 613 annum
671 578 741 614 371
769 589 851 613 eam
877 578 1118 624 compositam
1145 589 1227 613 esse
1246 579 1401 624 apparet
1418 589 1438 613 e
1455 589 1529 624 par.
1544 577 1566 612 9

154 631 294 666 verbis:
338 632 630 677 ὁεδυστυχηκέναι
673 633 849 676 δοκοῦμεν
894 633 930 667 ἐν
966 636 1008 677 τῇ
1045 633 1143 677 μάχῃ
1177 636 1220 676 τῇ
1253 632 1344 676 πρὸς
1379 630 1566 676 Θηβαίους.

153 684 351 720 Praeterea
377 697 396 720 e
423 696 498 732 par.
517 684 565 721 28
591 684 816 729 intellegitur
841 683 1050 720 Messenam
1078 683 1263 720 conditam
1290 695 1382 729 esse,
1409 684 1446 720 id
1470 683 1567 731 quod

154 738 297 774 factum
324 740 381 774 est
407 750 506 774 anno
535 739 709 785 mosea-⁹»)
761 740 904 784 Agmen
930 740 1057 774 autern
1085 738 1233 775 claudat
1259 750 1334 785 par.
1352 739 1410 780 45,
1437 738 1475 773 in
1494 750 1568 785 qua

155 792 199 827 de
226 792 402 839 Dionysio
428 793 566 828 maiore
592 792 685 827 haec
710 792 898 827 dicuntur:
932 796 1113 837 τυραννῶν
1144 793 1182 827 δὲ
1207 793 1267 827 τὸν
1292 794 1370 838 βίον
1397 793 1567 832 διετέλεσε,

154 847 214 880 καὶ
239 846 300 880 τὸν
325 846 403 881 υἱὸν
430 848 467 881 ἕν
501 850 575 885 ταῖς
608 847 726 884 αὐταῖς
756 850 869 891 τιμαῖς
899 846 959 880 καὶ
985 847 1206 886 δυναστείαις,
1241 847 1277 881 ἓν
1312 846 1431 891 αἶςπερ
1465 845 1569 884 αὐτὸς

155 900 208 944 ἦν,
235 901 423 936 κατέλιπεν.
466 899 529 935 1118
555 900 665 944 igitur
690 900 770 934 vita
795 899 1015 944 decesserat,
1042 899 1079 934 id
1105 899 1202 945 quod
1228 899 1404 934 accidisse
1422 900 1569 934 constat

156 964 254 988 anno
273 952 385 998 362⁴)
428 953 484 988 Ex
510 953 679 989 omnibus
698 956 833 998 autem,
859 964 955 999 quae
974 952 1177 999 attulimus,
1195 954 1349 999 apparet
1366 952 1568 988 orationem

155 1006 244 1053 poni
282 1006 330 1042 ab
370 1008 520 1042 auctore
555 1018 596 1042 eo
631 1009 806 1052 tempore,
842 1006 939 1053 quod
974 1009 1054 1042 erat
1088 1008 1185 1042 inter
1217 1007 1382 1053 Dionysii
1422 1006 1567 1042 maioris

155 1062 311 1095 mortem
347 1062 385 1095 et
419 1061 507 1095 ante
541 1060 808 1095 Orchomenum
843 1059 1012 1104 deletam,
1047 1060 1154 1096 annis
1182 1060 1253 1096 366
1288 1062 1327 1095 et
1352 1059 1433 1096 365.
1490 1059 1568 1103 Quo

156 1116 320 1159 tempore
355 1116 453 1149 teste
479 1113 636 1149 Diodoro
670 1113 734 1148 illa
767 1125 841 1160 pax
867 1125 979 1160 supra
1005 1115 1291 1149 commemorata
1316 1125 1339 1149 a
1365 1113 1471 1149 sociis
1496 1112 1568 1147 La-

157 1167 478 1202 cedaemoniorum
504 1179 585 1202 cum
612 1166 798 1202 Thebanis
826 1168 884 1202 est
908 1168 1017 1202 facta.

275 1213 370 1255 Iam*
389 1232 501 1267 quam
527 1222 698 1256 accurate
725 1221 841 1255 oratio
869 1220 916 1255 ad
943 1232 1006 1255 eas
1035 1220 1327 1263 deliberationes,
1362 1231 1457 1266 quae
1483 1223 1568 1254 ante

156 1285 286 1321 pacem
313 1273 520 1309 confectam
545 1273 821 1310 Lacedaemone
848 1274 1091 1317 habebantur,
1129 1276 1280 1321 spectet,
1315 1272 1421 1309 facile
1447 1273 1568 1320 quivis

156 1327 346 1372 intelleget
372 1339 417 1363 ex
443 1327 500 1362 his
526 1328 782 1374 paragraphis:
809 1328 830 1362 2
857 1332 920 1363 νῦν
947 1329 1078 1373 δ’ὁρῶν
1094 1329 1174 1367 τοὺς
1190 1329 1255 1373 μὲν
1273 1329 1570 1372 συναγορεύοντας

157 1382 209 1419 οἷς
236 1382 270 1415 οἳ
294 1382 454 1426 πολέμιοι
479 1383 738 1426 προστάττουσι,
764 1382 845 1419 τοὺς
864 1382 965 1416 δὀὐκ
984 1383 1200 1426 ἐρρωμένως
1217 1382 1522 1426 ἐναντιουμένους.
1538 1408 1545 1414 .
1561 1408 1568 1414 .

157 1435 179 1470 ’7
207 1463 214 1469 .
234 1462 267 1469 ..
295 1435 557 1479 ἠγωνιζόμεθα,
593 1439 656 1469 νῦν
691 1436 814 1479 δ’ὗπὲρ
848 1439 909 1469 τοῦ
939 1435 990 1480 μὴ
1017 1439 1127 1469 ποιεῖν
1160 1435 1258 1469 αὐτοὶ
1290 1435 1330 1469 τὸ
1364 1434 1570 1479 προςταττό-

155 1501 264 1532 μενον
283 1513 290 1521 .
310 1515 317 1522 .
337 1515 343 1522 .
374 1489 415 1522 11
445 1489 791 1533 συμβεβουλεύκασιν
818 1489 909 1532 ὑμῖν,
937 1516 944 1523 .
971 1515 978 1522 .
1003 1516 1010 1523 .
1036 1488 1251 1533 ποιήσασθαι
1276 1488 1339 1532 τὴν
1364 1488 1524 1532 εἰρήνην.
1540 1514 1547 1521 .
1562 1514 1569 1521 .

160 1541 204 1576 13
230 1544 416 1586 πειρῶνται
443 1542 618 1576 διδάσκειν
643 1542 746 1586 ὑμᾶς,
774 1542 825 1580 ὡς
850 1542 917 1586 χρὴ
944 1545 1015 1580 τοῖς
1033 1541 1176 1586 ἐχθροῖς
1191 1545 1252 1586 τῆς
1270 1542 1439 1585 ἡμετέρας
1455 1553 1568 1585 παρα-

158 1599 318 1640 χωρῆσαι
336 1622 342 1629 .
363 1621 370 1630 .
389 1622 396 1629 .
414 1596 473 1629 καὶ
491 1623 498 1628 .
518 1623 525 1630 .
544 1623 551 1630 .
570 1596 812 1629 ἐπαπειλοῦσιν
838 1596 889 1633 ὡς
908 1622 914 1629 .
934 1622 941 1629 .
961 1623 967 1629 .
994 1595 1221 1640 ποιησόμενοι
1245 1594 1307 1640 τὴν
1324 1595 1464 1639 εἰρήνην
1482 1594 1569 1628 κατὰ

159 1652 250 1693 σφᾶς
276 1649 411 1687 αὐτούς.
439 1648 495 1683 33.
523 1649 579 1684 34.
607 1648 663 1683 39.
689 1648 747 1683 43.
774 1649 830 1684 51.
858 1648 914 1684 52.
941 1648 998 1683 55.
1025 1648 1082 1684 57.
1110 1648 1167 1683 58.
1194 1647 1251 1683 70.
1277 1647 1334 1683 84.
1360 1647 1418 1683 86.
1436 1643 1496 1682 88!
1512 1647 1569 1682 90.

159 1701 216 1737 94.
245 1702 323 1738 101.
353 1701 432 1738 106.
462 1701 540 1738 107.
583 1701 658 1737 Illis
684 1701 796 1747 igitur
821 1701 1148 1737 deliberationibus
1175 1712 1272 1737 anno
1291 1700 1363 1736 366
1380 1699 1569 1737 Lacedae-

160 1767 267 1791 mone
293 1755 431 1791 habitis
458 1758 663 1792 commotus
689 1756 869 1792 Isocrates
896 1756 1098 1791 orationem
1118 1755 1140 1791 6
1167 1755 1389 1802 conscripsit.

279 1809 381 1851 Quae
421 1810 607 1845 sententia
646 1821 689 1845 80
729 1821 873 1856 quoque
906 1809 1086 1853 firmatur,
1123 1808 1221 1855 quod
1255 1809 1402 1844 omnino
1429 1808 1571 1844 nullum

161 1861 298 1897 aetatis
324 1862 533 1908 posterioris
559 1862 757 1907 vestigium
791 1863 988 1907 invenitur,
1023 1861 1132 1909 quod,
1168 1862 1200 1897 si
1234 1861 1350 1897 oratio
1384 1860 1570 1897 nonnullis

160 1915 269 1951 annis
295 1917 380 1961 post
404 1915 493 1950 illud
518 1918 664 1962 tempus
692 1917 894 1962 composita
920 1918 1028 1960 esset,
1064 1915 1233 1951 facillime
1263 1916 1417 1962 irrepere
1442 1916 1570 1962 Potuit.

161 1968 324 2012 Accedit,
361 1968 458 2013 quod
492 1968 655 2012 intellegi
688 1980 761 2003 non
796 1971 930 2014 potest,
968 1980 1031 2003 cur
1063 1969 1242 2003 Isocrates
1270 1968 1460 2014 aliquanto
1486 1971 1572 2014 post

159 2033 246 2057 eum
273 2032 424 2066 annum,
453 2021 557 2057 cuius
583 2021 692 2056 rebus
719 2022 834 2058 oratio
861 2022 1036 2067 originem
1062 2021 1183 2066 debet,
1211 2032 1294 2056 eam
1320 2020 1571 2068 conscripserit

159 2078 251 2122 tum,
288 2087 372 2111 cum
407 2087 534 2111 earum
568 2086 686 2110 rerum
722 2076 897 2111 memoria
928 2087 1003 2111 non
1028 2077 1103 2110 iam
1128 2086 1254 2110 recens
1281 2075 1435 2121 aliisque
1461 2075 1570 2111 rebus

160 2129 274 2165 animi
301 2130 435 2165 civium
463 2129 632 2175 occupati
659 2130 800 2173 erant.⁵)
852 2128 954 2164 Haec
980 2131 1106 2164 autem
1137 2128 1324 2163 sententia
1348 2140 1422 2164 non
1448 2131 1572 2175 potest

280 2272 299 2308 ¹)
323 2271 461 2306 Schszfer,
484 2271 502 2301 l.
518 2271 537 2299 l.
559 2270 653 2305 1,1·23
675 2270 746 2299 adn.
764 2269 795 2304 1;
817 2269 929 2306 Meyer,
951 2269 971 2298 l.
986 2268 1005 2298 l.
1026 2278 1056 2307 p.
1069 2269 1170 2306 4ssosl.

279 2316 301 2352 2)
324 2315 436 2353 Meyer,
458 2315 477 2344 l.
498 2314 517 2344 1.
538 2323 567 2352 p.
582 2314 650 2344 391.
661 2313 730 2343 401.

279 2360 301 2396 ³)
321 2359 434 2397 Meyer,
456 2359 475 2388 l.
497 2359 515 2389 1.
538 2368 566 2397 p.
581 2358 649 2388 427.

279 2403 300 2439 ⁴)
323 2402 461 2437 Schafeiz
483 2403 503 2432 1.
524 2403 543 2432 1.
565 2403 585 2437 Ι.
597 2402 645 2432 91.
687 2402 798 2440 Meyer,
821 2402 840 2431 l.
861 2401 880 2431 l.
903 2410 933 2440 p.
946 2401 1013 2431 443.

279 2447 301 2484 ⁶)
324 2446 471 2476 Similiter
490 2446 658 2484 Drerupius
678 2446 697 2475 l.
720 2446 739 2477 l.
760 2446 886 2475 iudicat.
