1770 2749
141 202 201 237 hic
226 203 355 238 autem
380 204 508 238 auctor
534 202 717 249 expressis
743 202 865 238 verbis
892 202 979 238 dicit
1009 215 1049 238 se
1075 202 1146 239 hac
1172 203 1410 239 excusatione
1444 214 1562 239 usum

142 267 236 301 esse,
263 256 351 303 quia
376 256 490 303 primo
516 255 596 292 1000
623 255 804 292 allaturus
831 258 930 292 esset
946 258 985 292 ἓν
1002 261 1074 292 τῶν
1091 257 1373 303 τεθρυλημένων.
1399 257 1553 302 εἴθισμαι

142 310 210 354 γὰρ
235 311 344 355 λέγειν
368 310 459 355 πρὸς
484 310 565 349 τοὺς
589 311 661 344 κτλ.
711 309 813 345 Haec
838 311 965 346 autem
991 309 1157 346 doctrina
1183 310 1228 346 de
1254 310 1431 346 orationis
1454 309 1553 345 eius-

143 374 214 408 que
249 363 408 409 partium
443 362 594 398 consilio
620 362 721 398 nullo
747 362 827 398 1000
852 364 1039 399 Isocrateo
1065 363 1209 408 legitur,
1245 374 1292 399 ne
1317 362 1381 399 illa
1407 362 1553 410 quidem

142 415 181 451 in
208 415 372 451 oratione
408 417 536 452 contra
569 415 755 463 sophistas
790 416 976 463 inscripta,
1010 417 1114 452 cuius
1139 416 1178 452 in
1203 415 1442 463 paragraphis
1467 415 1553 452 inde

142 481 166 505 a
186 469 231 505 16
257 468 302 505 de
328 468 474 505 delectu
505 471 544 505 et
570 469 808 517 dispositione
833 469 999 506 idearum
1016 470 1133 506 verba
1148 469 1255 505 fiunt.
1296 469 1426 516 Itaque
1444 481 1553 505 verus

142 522 321 557 Isocrates
347 522 417 558 hoc
443 522 625 569 epistulae
651 522 731 559 loco
756 534 832 559 non
857 523 979 570 potuit
995 522 1053 559 uti
1068 522 1132 559 illa
1149 522 1397 559 excusatione.
1436 522 1553 558 Multo

142 578 269 612 autem
295 575 426 611 melius
452 576 545 612 haec
571 577 761 612 excusatio
787 576 898 624 paulo
923 576 1021 612 infra
1045 588 1120 624 par.
1142 577 1185 612 11
1211 576 1401 622 legeretur.

260 630 459 666 Praeterea
484 632 567 666 tota
583 630 705 666 indole
722 629 832 666 valde
850 630 1056 677 suspiciosa
1072 632 1139 667 est.
1181 629 1425 666 Enuntiatum
1443 630 1551 675 enim,

142 682 239 730 quod
256 683 459 730 praecedit:
485 688 536 730 τῷ
552 685 619 730 μὲν
644 685 712 729 γὰρ
738 686 824 723 ἴσως
849 686 949 719 ἄκων
975 686 1019 719 ἃν
1044 685 1229 730 ἐντύχοιμι,
1247 685 1286 719 τὸ
1305 685 1343 719 δὲ
1360 685 1419 719 καὶ
1435 697 1552 730 προβι-

142 738 227 778 ὂὼς,
253 739 285 772 εἰ
306 740 443 783 πρέπον
468 740 516 777 εἷς
540 739 601 773 τὸν
624 739 731 783 λόγον
748 740 812 784 εἴη,
833 739 1074 784 προςλάβοιμι,
1100 737 1209 785 plane
1239 749 1554 784 supervacaneum

142 792 210 835 est,
235 786 356 837 neque
383 791 578 837 quicquam
606 791 884 836 desideraretur,
912 791 943 826 si
969 791 1085 826 verba
1109 792 1169 826 καὶ
1191 792 1258 836 γὰρ
1275 793 1318 825 ἂν
1336 793 1465 830 ἄτοπος
1481 792 1555 836 εἴην

144 844 357 891 exciperent
383 845 496 880 verba
530 844 583 881 ὧν
607 846 780 890 πρότερον
810 845 994 891 ἀκηκόατε.
1045 844 1169 891 Atque
1194 844 1263 880 1100
1288 845 1409 891 ipsum
1435 855 1553 880 enun-

143 897 289 942 tiatum,
317 898 415 944 quod
440 899 479 933 in
505 897 665 945 epistula
690 897 968 933 excusationem
1000 898 1117 944 ipsam
1144 897 1339 944 praecedit,
1375 897 1554 933 nonnulla

143 962 219 986 non
255 951 442 988 Isocratea
480 963 567 998 prae
603 963 643 987 se
677 951 759 987 fert.
811 951 865 986 Ac
899 951 1055 998 primum
1090 950 1237 998 quidem
1266 953 1351 998 post
1375 950 1554 998 pluralem

142 1004 196 1039 ὧν
227 1018 286 1050 πρ.
321 1006 496 1050 ἀκηκόατε
530 1006 789 1051 exspectamus
823 1004 1001 1051 pluralem
1035 1016 1099 1051 pro
1134 1003 1311 1049 singulari
1335 1009 1385 1050 τῷ
1410 1005 1476 1050 μὲν
1493 1033 1501 1041 .
1520 1032 1527 1040 .
1546 1034 1554 1041 .

146 1059 185 1093 et
209 1058 248 1093 τὸ
275 1059 314 1093 δὲ
339 1059 398 1093 καὶ
422 1059 607 1103 προειδώς.
657 1058 855 1094 Praeterea
879 1057 1064 1094 adiectiva
1089 1059 1189 1094 ἄκων
1214 1059 1252 1094 et
1276 1059 1451 1104 προειδὼς
1480 1069 1556 1094 11011

145 1111 238 1148 bene
264 1112 361 1148 inter
388 1124 469 1148 sese
498 1114 740 1159 opponuntur.
783 1111 853 1148 Pro
879 1114 980 1148 ἄκων
1005 1124 1095 1149 voce
1122 1113 1379 1159 exspectamus
1396 1111 1554 1148 fortasse

143 1167 285 1210 ἀγνοῶν
318 1166 378 1201 vel
412 1168 478 1201 οὐκ
514 1167 628 1207 εἰδὼς,
662 1166 877 1213 praesertim
913 1177 993 1201 cum
1028 1166 1067 1201 in
1102 1165 1328 1201 orationibus
1354 1167 1455 1209 ἄκων
1480 1177 1554 1201 vox

143 1230 336 1267 nunquam
364 1219 681 1266 „unabsiehtlich“
710 1219 900 1265 significet,
939 1219 1043 1256 velut
1083 1219 1139 1266 10,
1154 1219 1201 1256 36
1236 1247 1243 1255 .
1269 1247 1277 1256 .
1304 1248 1311 1256 .
1338 1221 1499 1256 ἀκόντων
1525 1234 1554 1255 τι

142 1278 254 1309 ποιεῖν
286 1278 358 1309 τῶν
391 1276 552 1309 πολιτῶν.
602 1274 721 1318 4,122
756 1278 827 1312 τοῖς
862 1275 900 1309 δὲ
931 1275 1127 1319 βαρβάροις
1152 1274 1278 1312 αὖτοὺς
1303 1275 1477 1314 ἐξέδοσαν,
1503 1274 1556 1309 ὥν

143 1327 304 1362 ἀκόντων
329 1327 391 1372 τὴν
416 1329 539 1373 χώραν
556 1329 684 1373 ἔχουσι.
726 1327 781 1370 15,
797 1326 867 1362 307
894 1355 902 1363 .
930 1355 936 1362 .
963 1354 970 1363 .
996 1327 1035 1362 τὸ
1061 1331 1172 1373 τεῖχος
1197 1327 1357 1362 ἀκόντων
1378 1327 1553 1362 Λακεδαι-

142 1382 279 1426 μονίων
304 1385 346 1427 τῇ
370 1381 468 1417 πόλει
492 1382 692 1427 περιβαλών
718 1409 725 1417 .
745 1408 777 1417 ..
829 1380 931 1424 Quae
956 1380 1014 1416 vis
1042 1379 1310 1426 „unabsichtlic
1338 1380 1357 1399 “
1385 1380 1453 1416 hoc
1475 1380 1553 1416 loco

143 1433 207 1469 illa
243 1445 333 1469 voce
371 1436 549 1479 προειδὼς
588 1434 757 1481 opposita
794 1434 998 1480 requiritur.
1062 1434 1181 1469 Verus
1216 1435 1342 1469 autem
1375 1434 1554 1469 Isocrates

144 1486 260 1522 multo
286 1486 418 1523 melius
446 1487 639 1524 discrimen
664 1486 753 1523 fecit
778 1487 812 1531 5,
828 1486 876 1523 94
909 1486 1006 1523 inter
1039 1487 1080 1522 τὰ
1107 1488 1216 1523 οἰκεῖα
1254 1487 1292 1523 01,
1316 1486 1357 1522 τὰ
1383 1487 1553 1533 ἀλλότρια.

144 1542 267 1588 Atque
294 1553 340 1577 ex
365 1541 435 1577 hoc
460 1541 539 1577 1000
566 1543 695 1577 auctor
712 1541 893 1589 epistulae
911 1540 1012 1577 illam
1029 1552 1157 1577 vocem
1174 1540 1400 1577 adsciscendi
1418 1541 1552 1586 hausit,

141 1606 261 1641 neque
287 1606 374 1630 vero
401 1595 546 1642 scripsit
570 1597 839 1641 προς-δεξαίμην,
867 1595 942 1640 sed,
970 1596 1013 1630 ut
1038 1594 1180 1630 furtum
1206 1594 1417 1639 occultaret,
1444 1608 1552 1639 προς-

142 1649 292 1695 λάβοιμι,
337 1649 568 1697 Quamquam
593 1648 683 1685 illud
709 1648 863 1685 verbum
890 1647 1039 1695 saepius
1058 1646 1155 1695 apud
1173 1647 1370 1684 Isocratem
1388 1648 1552 1693 occurrit,

143 1702 211 1737 1100
225 1705 352 1738 autem
364 1703 443 1738 loco
462 1705 688 1749 quantopere
703 1703 750 1738 ab
764 1702 862 1738 illius
878 1714 947 1737 usu
961 1702 1115 1747 differat,
1131 1702 1204 1737 iam
1218 1713 1329 1748 supra
1346 1703 1554 1748 expositum

143 1757 202 1790 est
226 1767 259 1801 p.
276 1755 334 1791 47.
385 1755 524 1791 Deinde
553 1768 642 1791 usus
667 1755 929 1803 particularum
955 1757 1008 1799 ἂν,
1047 1755 1165 1801 qualis
1201 1755 1270 1790 hoc
1294 1755 1333 1790 in
1359 1754 1553 1790 enuntiato

143 1810 279 1854 exstat,
318 1821 393 1845 non
432 1811 490 1845 est
528 1821 573 1845 ex
607 1808 873 1846 consuetudine
907 1809 1086 1844 sermonis
1120 1808 1303 1845 Isocratei.
1363 1808 1554 1844 Habemus

144 1863 240 1897 enim
267 1863 339 1898 duo
367 1863 562 1899 enuntiata
597 1862 862 1899 condicionalia
886 1862 1006 1898 forma
1035 1862 1245 1909 potentiali:
1282 1891 1289 1899 .
1316 1891 1323 1898 .
1350 1889 1357 1897 .
1384 1864 1484 1898 ἄκων
1510 1864 1554 1897 ἂν

142 1917 327 1962 ἐντύχοιμι,
368 1917 407 1952 τὸ
447 1918 485 1952 δὲ
518 1918 577 1952 καὶ
609 1917 794 1962 προειδὼς,
837 1917 978 1962 εἶ-ἐῖη,
1017 1917 1260 1962 προςλάβοιμι.
1320 1916 1480 1960 Quorum
1515 1915 1554 1951 in

145 1969 345 2016 posteriore
373 1970 478 2006 deest
502 1970 684 2017 particula
709 1972 763 2016 ἂν,
792 1981 887 2017 quae
913 1969 1002 2005 locis
1027 1969 1207 2005 similibus
1233 1969 1281 2005 ab
1306 1969 1350 2005 Is.
1377 1969 1555 2016 repetitur

144 2023 250 2058 velut
275 2022 336 2059 illo
363 2023 443 2070 ipso
470 2023 549 2059 1000
580 2024 634 2069 15,
649 2023 715 2060 74:
742 2025 809 2059 οὐκ
835 2025 878 2058 ἂν
905 2024 1134 2070 ἀποσχοίμην,
1153 2024 1226 2058 ἀλλ’
1245 2025 1372 2069 εἴποιμ’
1391 2017 1444 2064 ἂν,
1463 2024 1509 2058 εἰ.
1524 2047 1553 2058 ..

143 2078 254 2118 δόξειε
395 2077 544 2122 15‚19·2-.
579 2078 612 2122 8,
627 2077 684 2113 49.
695 2078 752 2113 80.
791 2077 883 2123 12,3
922 2076 1024 2112 alias.
1074 2077 1240 2124 Denique
1275 2077 1344 2113 hoc
1378 2076 1456 2113 loco
1490 2076 1554 2112 illa

143 2131 367 2166 constructio
405 2133 542 2176 πρέπον
580 2133 628 2169 εἷς
665 2131 724 2165 τὸν
757 2131 864 2175 λόγον
897 2132 970 2165 iam
1013 2142 1125 2178 supra
1157 2142 1190 2178 p.
1216 2130 1263 2166 47
1299 2130 1482 2176 castigat-a.
1516 2130 1553 2165 in

143 2196 295 2220 censum
321 2184 434 2221 venit.
486 2184 627 2231 Itaque,
654 2186 697 2220 ut
723 2183 1086 2231 comprehendamus,
1113 2185 1157 2230 is,
1186 2185 1247 2232 qui
1273 2184 1369 2220 hanc
1395 2195 1552 2220 excusa-

142 2238 282 2274 tionem
319 2238 544 2285 conscripsit,
580 2249 663 2274 eam
697 2249 743 2274 ex
778 2237 1005 2273 orationibus
1039 2239 1061 2274 5
1097 2240 1135 2275 et
1163 2239 1207 2274 15
1244 2237 1402 2286 sumpsit
1435 2239 1484 2283 et,
1510 2236 1554 2272 ut

143 2292 302 2339 speciem
329 2292 518 2339 quandam
551 2292 730 2328 novitatis
756 2291 957 2338 praeberet,
992 2291 1052 2327 illo
1079 2293 1273 2328 enuntiato
1306 2291 1554 2338 amplificavit.

260 2346 401 2393 Neque,
429 2347 471 2381 ut
495 2348 730 2381 transeamus
749 2345 795 2381 ad
815 2356 869 2390 ea,
889 2356 984 2391 quae
1001 2356 1075 2391 par.
1093 2346 1117 2381 8
1135 2345 1378 2390 continentur,
1397 2344 1554 2380 facimus

142 2411 226 2435 cum
251 2399 405 2446 Blassio,
434 2400 496 2447 qui
523 2411 605 2434 cum
632 2399 713 2434 aliis
738 2399 849 2434 rebus
874 2401 954 2434 tum
980 2398 1050 2434 hac
1074 2399 1157 2446 ipsa
1182 2399 1347 2435 doctrina
1372 2397 1554 2434 rhetorica

143 2455 347 2489 commotus
385 2453 583 2500 epistulam
621 2452 820 2497 genuinam
860 2463 941 2488 esse
979 2452 1127 2498 iudicat,
1168 2463 1250 2487 cum
1288 2451 1376 2488 dicit
1402 2450 1433 2495 (l.
1458 2450 1480 2485 1.
1505 2448 1554 2484 III
