1770 2749
667 171 716 176 —
765 149 813 186 49

89 247 214 294 Neque
245 247 493 295 scripserimus
520 260 602 284 cum
626 248 789 296 Hauptio
813 249 1012 294 τοῦμαυτῷ,
1040 247 1137 294 quia,
1164 248 1208 282 ut
1231 244 1397 282 Blassius
1424 245 1455 291 (l.
1473 245 1494 281 l.

89 300 147 346 ΙΠ,
161 301 195 347 2,
210 301 293 347 377)
318 303 416 338 recte
433 302 586 348 monuit,
613 301 787 338 articulus
804 302 844 338 τὸ
862 313 944 338 cum
969 303 1112 348 ἐμαυτῷ
1137 311 1213 336 11011
1237 300 1317 336 tam
1334 300 1413 335 arte
1436 310 1495 336 co-

89 355 221 402 haeret·
238 357 281 392 ut
298 355 379 392 aliis
404 355 503 399 locis,
530 355 634 392 velut
658 356 693 402 6,
707 356 754 393 63
779 356 978 392 τούναντίον
1003 355 1061 400 10,
1076 355 1122 391 51
1140 355 1330 399 τούκείνης,
1353 353 1408 398 12,
1422 353 1495 389 232

88 410 296 454 τούμαυτοῢ,
323 409 425 444 alias.

207 490 214 497 .
229 489 237 498 .
255 490 262 497 .
287 463 347 497 καὶ
367 463 418 508 μὴ
444 464 658 499 παντάπασιν
684 464 753 504 ἔξω
778 464 854 502 ’θεὶς
879 462 1029 509 ἐμαυτὸν
1054 463 1113 497 καὶ
1136 465 1208 497 τῶν
1234 462 1415 507 ὠφελειῶν
1434 488 1441 495 .
1461 488 1468 495 .
1487 487 1496 496 .

89 514 212 552 Verba
237 516 307 557 ἔξω
332 517 409 555 θεὶς
441 516 592 562 ἐμαυτὸν
625 528 701 553 11011
725 516 922 553 Isocratem
954 527 1082 563 sapere
1107 514 1370 551 Muenscherus
1395 516 1495 550 recte

88 569 241 606 monuit.
298 569 352 605 De
386 581 459 607 usu
492 569 656 606 adverbii
688 572 759 611 ἔξω
794 569 1001 606 accuratius
1037 568 1113 614 egit
1146 568 1334 612 Lutzius.1)
1384 566 1495 615 Apud

88 622 286 658 Isocratem
310 622 542 668 coniungitur
559 634 642 659 cum
657 623 718 659 illo
736 622 910 659 adverbio
937 624 1004 658 aut
1029 623 1200 668 φέρεσθαι
1226 623 1293 658 aut
1318 621 1402 657 εἷναι
1428 623 1496 657 aut

89 677 265 721 γίγνεσθαι
289 675 378 712 locis
402 676 511 713 huius
537 675 717 723 epistulae
743 676 823 713 loco
850 675 1040 721 similibus,
1069 678 1111 712 ut

89 729 149 774 10,
164 729 210 765 23
236 730 449 775 αἰσθάνομαι
475 731 507 765 δ’
509 730 660 775 ἐμαυτὸν
685 732 755 771 ἔξω
781 731 980 776 φερόμενον
1004 732 1075 765 τῶν
1100 732 1236 774 καιρῶν

92 783 148 828 12,
163 782 210 818 33

1003 787 1064 829 τῆς
1089 784 1301 828 συμμετρίας

93 835 149 879 14,
162 835 209 871 41
236 838 305 877 ἔξω
332 837 399 882 γὰρ
424 837 531 872 αὐτοῦ
555 840 627 872 τῶν
650 838 868 883 πραγμάτων
894 838 1123 882 γεγενημένου

92 889 145 934 15,
160 889 232 925 262
258 891 328 930 ἔξω
353 891 569 925 παντάπασιν
594 890 678 925 εἶναι
702 893 774 925 τῶν
798 891 1011 935 ἀναγκαίων.

205 942 308 980 Haec
331 942 442 990 igitur
467 945 556 980 sunt
580 945 799 989 argumenta
824 955 844 980 e
871 954 1037 980 sermone
1064 942 1244 990 epistulae
1261 943 1390 990 petita,
1410 943 1491 990 qui-

88 997 158 1032 bus
182 996 295 1032 fidem
321 1000 400 1032 eius
426 997 663 1033 vehementer
686 997 864 1033 infirmari
888 1008 1106 1043 persuasum
1130 995 1319 1031 habemus.

205 1049 254 1085 Ut
279 1051 404 1086 autem
422 1052 657 1086 transeamus
674 1050 723 1086 ad
741 1061 796 1090 ea,
816 1061 912 1096 quae
930 1048 1089 1096 epistula
1106 1049 1349 1094 continentur,
1363 1050 1492 1085 auctor

87 1114 163 1150 par.
181 1103 204 1140 7
230 1114 269 1138 se
296 1104 449 1139 excusat
474 1102 702 1150 prolaturum
726 1114 801 1139 non
825 1114 973 1150 prorsus
998 1113 1107 1147 nova,
1140 1101 1204 1138 sed
1230 1113 1324 1148 quae
1349 1102 1491 1138 Iasonis

86 1155 152 1192 filii
176 1157 250 1192 iam
276 1159 388 1192 antea
412 1155 630 1192 audiverint.
671 1156 791 1191 Huius
817 1157 945 1191 autem
968 1155 1187 1202 paragraphi
1211 1166 1289 1191 una
1305 1155 1492 1191 sententia

88 1208 221 1255 legitur
249 1209 302 1245 15.
315 1209 364 1246 74
390 1211 428 1245 et
453 1210 487 1255 5,
502 1209 559 1246 94.
610 1209 709 1253 Quos
743 1208 835 1245 duos
868 1208 979 1254 locos,
1014 1210 1057 1244 ut
1090 1219 1173 1244 cum
1207 1208 1386 1256 epistulae
1411 1208 1490 1245 loco

88 1264 353 1311 comparentur,
380 1262 514 1300 afferre
538 1262 658 1300 liceat.

139 1332 195 1376 15,
207 1332 254 1368 74
267 1332 339 1367 ἐπεὶ
346 1335 476 1378 μικροῦ
487 1346 524 1377 γε

86 1388 219 1432 μέρους
242 1389 315 1421 τῶν
338 1386 445 1421 πάλαι
470 1400 524 1431 γε-

89 1441 302 1486 γραμμένων
360 1440 426 1475 σῦκ
482 1441 525 1475 ἂν

88 1495 317 1539 ἀποσχοίμην,
364 1494 437 1528 ἀλλ’
479 1495 525 1528 εἴ-

87 1549 232 1593 ποιμ’ἂν
248 1549 284 1583 εἴ
293 1561 323 1582 τι
338 1560 401 1593 μοι
415 1547 526 1588 δόξειε

86 1602 222 1646 πρέπον
233 1601 319 1636 εἶναι
330 1604 381 1646 τῷ
392 1602 524 1646 παρόν-

86 1668 116 1689 τι
140 1657 271 1700 καιρῷ·
297 1654 357 1689 καὶ
382 1654 448 1700 γὰρ
481 1656 525 1689 ἂν

87 1709 216 1747 ἄτοπος
256 1709 338 1753 εἴην,
381 1709 412 1743 εἰ
446 1708 526 1747 τοὺς

87 1762 213 1800 ἄλλους
229 1762 326 1806 ὁρῶν
341 1765 413 1800 τοῖς
429 1762 526 1807 ἐμοῖς

86 1816 295 1861 χρωμένους
319 1815 389 1860 ἐγὼ
413 1815 526 1861 μόνος

87 1870 282 1915 ἀπεχοίμην
339 1872 410 1904 τῶν
464 1869 524 1904 ὑπ’

87 1924 175 1968 ἐμοῦ
199 1922 370 1968 πρότερον
387 1924 523 1969 εἰρημέ-

87 1990 171 2018 νων,
194 1977 309 2016 ἄλλως
324 1990 359 2012 τε
376 1977 435 2012 καὶ
451 1980 523 2018 νῦν,

88 2032 137 2066 ὅτ’
163 2031 206 2066 οὗ
230 2031 342 2076 μόνον
366 2031 435 2067 κτλ.

619 1332 651 1377 5,
665 1331 727 1369 94:
752 1331 878 1378 μωρὸς
895 1333 938 1367 ἂν
954 1331 1007 1377 ἦν,

570 1387 602 1421 εἶ
629 1413 637 1421 .
664 1414 671 1421 .
698 1413 705 1421 .
744 1387 790 1421 ἔτι
828 1386 895 1421 ὅέῖ
927 1385 1009 1424 τοὺς

570 1440 697 1478 ἄλλους
714 1440 811 1485 ὁρῶν
826 1443 897 1478 τοῖς
913 1440 1010 1485 ἐμοῖς

570 1495 779 1539 χρωμένους
787 1493 892 1532 αὐτὸς
899 1493 1011 1539 μόνος

571 1548 766 1594 ἀπειχόμην
778 1550 849 1583 τῶν
860 1548 1010 1592 ὕπ’ἐμοῦ

570 1603 741 1647 πρότερον
806 1602 1009 1646 εἰρημένων.

570 1659 641 1694 τοῖς
673 1655 739 1701 μὲν
774 1653 837 1690 οὖν
871 1655 1010 1694 οἰκείοις

570 1709 676 1754 τυχὸν
717 1710 761 1743 ἂν
798 1710 1009 1754 χρησαίμην,

571 1764 614 1808 ἢν
651 1763 792 1808 σφόδρα
827 1763 1008 1808 κατεπείγῃ

570 1816 629 1851 καὶ
640 1817 768 1862 πρέπῃ,
784 1818 856 1851 τῶν
873 1816 1008 1851 δ’ἀλλο-

569 1871 675 1916 τρίων
706 1870 810 1905 οὐδὲν
843 1871 886 1905 ἂν
918 1883 1009 1915 προς

571 1924 737 1969 δεξαίμην
752 1924 870 1968 ὥςπερ
879 1924 956 1959 οὐδ’
971 1924 1009 1959 ἐν

569 1980 620 2022 τῷ
644 1977 853 2023 παρελθόντι
877 1978 1008 2023 χρόνῳ.

1103 1342 1156 1378 ep.
1174 1331 1256 1374 6,7:
1280 1332 1331 1377 μὴ
1349 1332 1490 1377 θαυμά-

1054 1387 1126 1426 ζετε
1152 1386 1229 1420 δ’ἅν
1252 1399 1301 1430 τί,
1312 1387 1491 1431 φαίνωμαι

1053 1440 1166 1484 λέγων
1216 1438 1268 1474 ὧν
1321 1440 1491 1484 πρότερον

1055 1493 1246 1539 ἀκηκόατε·
1271 1496 1322 1538 τῷ
1342 1493 1407 1538 μὲν
1424 1493 1491 1539 γὰρ

1055 1548 1140 1586 ἴσως
1148 1548 1248 1582 ἄκων
1256 1548 1300 1582 ἃν
1308 1547 1490 1592 ἐντύχοιμι,

1054 1600 1094 1635 τὸ
1133 1601 1172 1635 δέ
1208 1600 1267 1635 καὶ
1302 1600 1488 1646 προειδὼς,

1055 1656 1088 1689 εἷ
1095 1656 1230 1700 πρέπον
1247 1655 1294 1693 εἰς
1309 1653 1370 1689 τὸν
1385 1654 1491 1699 λόγον

1055 1710 1117 1754 εἴη,
1150 1708 1381 1753 προςλάβοιμι
1399 1717 1406 1724 ·
1431 1708 1490 1742 καὶ

1055 1762 1122 1808 γὰρ
1146 1763 1189 1796 ἂν
1214 1762 1341 1800 ἄτοπος
1357 1762 1440 1807 εἴην,
1462 1762 1495 1796 εἶ

1054 1816 1135 1854 τοὺς
1160 1816 1283 1854 ἄλλους
1308 1815 1405 1860 ὁρῶν
1420 1818 1491 1854 τοῖς

1054 1870 1150 1916 ἐμοῖς
1165 1870 1371 1915 χρωμένους
1387 1869 1492 1907 αὐτὸς

1053 1924 1164 1969 μόνος
1196 1923 1389 1968 ἀπεχοίμην
1418 1926 1491 1958 τῶν

1053 1979 1113 2012 ὑπ’
1139 1978 1226 2022 ἐμοῦ
1247 1977 1417 2021 πρότερον
1443 1978 1490 2011 εἶ-

1055 2032 1227 2076 ρημένων.
1260 2031 1383 2065 τούτου
1419 2030 1490 2065 δ’ἔ-

1054 2098 1136 2120 νεκα
1173 2087 1276 2118 ταῦτα
1310 2087 1491 2128 προεῖπον,

1055 2139 1104 2173 ὅτι
1129 2138 1197 2172 κτλ.

39 2249 42 2252 ,
204 2205 258 2241 Ac
282 2205 439 2252 primum
465 2204 610 2252 quidem
635 2205 675 2240 in
700 2205 930 2242 orationibus
955 2217 1013 2242 res
1038 2204 1152 2241 multo
1180 2204 1286 2241 aliter
1311 2206 1369 2240 est
1390 2216 1491 2241 com-

87 2260 219 2306 parata
243 2260 356 2306 atque
381 2259 420 2294 in
446 2258 612 2307 epistula.
654 2259 712 2296 Ibi
737 2271 804 2296 suo
830 2260 908 2296 iure
926 2260 1103 2296 Isocrates
1129 2270 1169 2294 se
1196 2260 1360 2305 excusat,
1387 2261 1492 2296 totae

89 2313 185 2349 enim
217 2315 341 2360 partes
376 2313 582 2350 orationum
617 2313 678 2350 vel
710 2313 850 2350 multae
883 2325 942 2349 res
967 2313 1014 2349 ab
1040 2324 1083 2349 eo
1109 2314 1233 2357 antea,
1263 2312 1427 2360 inprimis
1452 2314 1492 2349 in

88 2366 324 2414 Panegyrico,
351 2378 460 2413 quem
484 2367 562 2414 ipse
589 2369 861 2412 commemorat,
887 2369 931 2402 ut
955 2367 989 2412 5,
1004 2366 1063 2412 84,
1089 2368 1272 2402 tractatae
1298 2366 1492 2412 iterantur,

205 2463 226 2501 ¹)
247 2463 335 2499 hutz,
357 2463 415 2493 Die
436 2464 605 2494 Casusadv.
627 2465 675 2495 bei
695 2465 755 2495 den
775 2464 902 2495 attisch.
923 2464 1076 2494 Rednern.
1107 2465 1212 2502 Progr.
1233 2465 1262 2495 d.
1277 2464 1315 2495 K.
1329 2465 1366 2495 N.
1381 2465 1492 2504 Gymn.

89 2515 128 2537 zu
148 2506 321 2545 Wfirzburg
339 2506 377 2537 91
398 2515 428 2545 p.
451 2506 549 2544 19s21.

146 2559 252 2590 Woyte.
1276 2556 1295 2586 4
