1770 2749
687 135 932 171 -31-

107 231 253 279 probari
268 231 341 267 nisi
357 232 536 267 statuitur
554 233 755 269 orationem
773 233 1052 270 declamationis
1069 232 1148 268 loco
1165 243 1247 267 esse
1260 231 1514 276 habendaml),

107 285 143 322 id
186 285 284 334 quod
325 285 394 322 sibi
436 289 698 334 persuaserunt
741 288 789 334 ei,
835 288 898 335 qui
932 287 1136 324 orationem
1178 285 1365 323 nonnullis
1407 286 1515 322 annis

107 341 202 387 post*
217 340 289 376 366
315 342 434 376 ortam
460 352 541 376 esse
568 342 781 378 existimant
804 342 910 378 velut
933 341 1155 386 Niebuhrus,
1176 340 1378 386 Vahlenus,
1401 340 1515 376 Rein-

107 394 286 439 hardtius‚
314 393 460 429 Niesius
488 395 535 438 (P.
561 394 670 431 Wiss.
696 395 738 441 H,
753 395 847 441 469),
874 395 1050 431 Blassius.
1102 395 1265 438 Quorum
1291 394 1516 430 sententiam

108 458 234 484 veram
270 459 346 484 non
385 459 466 484 esse
501 447 597 484 infra
631 448 950 486 demonstrabitur.
1003 449 1107 493 Quod
1143 451 1271 485 autem
1307 448 1444 484 attinet
1469 447 1517 484 ad

108 504 265 548 tempus,
303 513 374 548 quo
412 501 465 537 1111
499 502 700 538 orationem
734 505 888 550 ponunt,
924 504 1070 538 Niesius
1104 503 1157 538 nil
1191 502 1280 538 dicit
1309 502 1382 537 nisi
1407 502 1516 537 haec:

112 554 200 601 „Die
216 554 317 591 Rede
344 555 487 592 scheint
512 555 600 592 aber
625 558 700 593 erst
725 557 845 603 einige
862 556 974 593 Jahre
1000 559 1125 604 spater
1147 555 1323 602 abgefasst
1339 567 1385 591 zu
1403 555 1513 591 sein.“

109 608 236 655 Neque
264 612 481 654 argumenta
505 610 736 656 protulerunt
760 613 906 658 praeter
931 610 1116 647 Blassium
1141 610 1282 658 reliqui,
1311 610 1374 657 qui
1396 609 1516 657 hypo-

109 663 225 698 thesis
260 664 450 699 auctorem
485 664 601 699 secuti
635 664 799 700 oratione
833 676 902 709 res,
938 676 1034 710 quae
1069 665 1198 699 statim
1235 666 1321 710 post
1353 674 1516 710 pugnam

110 715 208 763 apud
235 715 463 753 Mantineam
489 717 719 754 commissam
745 719 872 763 gestae
899 718 984 764 sint,
1012 718 1162 754 tractari
1194 719 1356 754 censent.
1409 716 1516 753 Solus

110 769 286 816 Blassius,
328 771 390 817 qui
429 783 511 806 eam
549 783 630 807 esse
668 774 787 808 ortam
823 773 922 808 intra
956 784 1073 808 annos
1100 772 1172 808 356
1207 774 1246 807 et
1271 772 1343 808 353
1378 774 1515 815 censet,

109 825 327 868 argumenta
355 824 490 869 attulit,
519 825 563 860 de
582 825 713 871 quibus
738 825 834 860 infra
861 827 903 872 (p.
923 825 982 870 33)
1009 825 1128 860 verba
1152 825 1251 860 fient.
1295 825 1362 860 His
1388 826 1516 860 autem

111 877 229 920 annis,
257 877 389 924 quibus
414 877 466 914 illi
490 878 558 914 viri
583 878 681 914 docti
706 890 789 915 eam
814 881 967 926 ponunt,
996 879 1199 915 orationem
1217 878 1420 915 confectam
1440 890 1515 914 non

111 942 193 966 esse
218 942 317 966 nunc
342 932 448 967 nobis
474 931 584 967 liceat
609 931 869 967 demonstrare.

227 985 281 1020 Ac
305 985 461 1031 primum
487 985 633 1032 quidem
659 997 706 1021 ex
730 987 813 1021 tota
837 985 959 1021 indole
986 988 1024 1021 et
1049 986 1312 1033 compositione
1339 986 1515 1022 orationis

110 1037 217 1073 facile
234 1038 397 1083 intellegi
413 1041 536 1085 potest
554 1050 636 1074 eam
653 1050 728 1074 non
745 1038 816 1074 illis
835 1039 942 1074 annis
961 1039 1136 1084 originem
1155 1039 1294 1076 debere.
1332 1039 1399 1074 His
1418 1039 1515 1074 enim

111 1102 226 1135 genus
252 1091 395 1127 dicendi
419 1092 642 1128 Isocrateum
667 1092 776 1139 plane
802 1092 901 1128 aliud
928 1095 986 1128 est
1015 1104 1058 1128 ac
1083 1093 1261 1139 prioribus
1279 1093 1514 1139 temporibus.

112 1143 223 1180 Cuius
237 1145 445 1191 posterioris
463 1146 631 1181 dictionis
650 1145 818 1192 exempla
835 1148 924 1181 sunt
941 1146 1136 1190 orationes,
1155 1158 1249 1193 quae
1267 1146 1516 1181 inscribuntur

110 1198 201 1243 Περὶ
226 1200 372 1245 εἰρήνης,
398 1200 688 1244 Ἀρεοπαγιτικὸς,
714 1200 792 1244 περὶ
817 1200 1048 1239 Ἀντιδόσεως,
1084 1200 1261 1240 Φίλιππος,
1284 1200 1514 1245 Παναθηναϊ-

110 1252 183 1290 κός.
235 1252 396 1296 Quarum
423 1253 518 1288 duae
543 1253 682 1300 primae
708 1253 761 1288 eis
785 1252 875 1299 ipsis
901 1253 1019 1298 annis,
1048 1253 1180 1299 quibus
1202 1252 1368 1288 Blassius
1386 1253 1515 1288 Archi-

113 1304 262 1341 damum
295 1317 376 1341 esse
411 1306 658 1353 conscriptum
692 1306 809 1351 docet,
846 1306 966 1342 editae
1001 1308 1097 1341 sunt.
1149 1307 1269 1353 Atque
1304 1318 1386 1342 cum
1418 1308 1517 1342 hunc

113 1370 367 1406 comparamus
402 1371 485 1395 cum
518 1360 590 1395 illis
625 1360 862 1404 orationibus,
898 1359 1109 1395 Archidami
1135 1360 1330 1395 dictionem
1356 1362 1394 1396 et
1419 1372 1515 1396 com-

112 1412 331 1458 positionem
356 1413 472 1449 multo
499 1413 766 1449 adstrictiorem
792 1415 831 1449 et
855 1413 1106 1459 perfectiorem
1134 1424 1215 1448 esse
1242 1424 1352 1459 quam
1373 1413 1517 1449 illarum

111 1465 219 1501 facile
258 1467 519 1511 cognoscimus.
582 1467 740 1502 Ubertas
779 1467 876 1502 enim
914 1466 977 1502 illa
1017 1468 1055 1502 et
1093 1466 1340 1509 abundantia,
1384 1467 1517 1514 quibus

112 1519 290 1555 Isocrates
315 1520 354 1554 in
379 1520 641 1566 posterioribus
667 1519 737 1555 illis
764 1520 992 1555 orationibus
1019 1531 1109 1555 usus
1136 1522 1203 1565 est,
1238 1520 1276 1554 111
1303 1532 1349 1555 or.
1376 1520 1398 1555 6
1423 1532 1516 1555 11011-

113 1572 200 1607 (111111
233 1573 482 1609 inveniuntur.
534 1573 652 1617 Quam
686 1575 834 1620 propter
867 1575 988 1609 totam
1021 1572 1181 1609 indolem
1206 1573 1383 1620 prioribus
1409 1574 1517 1609 annis

113 1626 200 1673 poni
234 1629 410 1673 oportere,
446 1627 539 1663 vidit
571 1627 645 1662 iam
670 1627 891 1674 Br6quigny,
931 1638 1015 1662 cum
1050 1627 1137 1662 dicit
1146 1628 1186 1671 ἧς
1224 1626 1278 1672 „le
1303 1626 1377 1671 feu,
1405 1628 1467 1674 qui
1492 1640 1517 1674 y

113 1682 234 1725 regne,
271 1691 317 1715 ne
351 1682 494 1726 permet
527 1683 639 1725 guere
673 1679 718 1715 de
752 1681 864 1716 croire
899 1680 1028 1727 qu’elle
1055 1681 1109 1716 ait
1134 1681 1191 1716 ete
1218 1680 1406 1727 composee
1433 1681 1517 1727 plus

113 1732 226 1770 tard.“
281 1733 349 1778 Qui
375 1734 446 1770 etsi
471 1735 673 1770 orationem
698 1745 772 1770 11011
806 1734 916 1781 plane
942 1736 1041 1770 recte
1068 1733 1164 1770 anno
1190 1734 1266 1770 fere
1292 1734 1363 1770 370
1389 1736 1518 1771 natam

115 1799 196 1823 esse
231 1787 429 1833 existimat,
464 1790 591 1823 tamen
625 1799 707 1824 eam
741 1789 779 1834 111
806 1789 950 1835 scriptis
975 1789 1186 1835 posterioris
1212 1788 1347 1824 aetatis
1373 1791 1520 1835 propter

113 1841 272 1876 indolem
297 1841 481 1876 numerari
506 1853 580 1876 non
605 1853 713 1888 posse
740 1842 867 1877 sensit.
919 1842 1093 1877 Similiter
1119 1842 1426 1877 Weissenbornus
1452 1842 1473 1877 1.
1497 1842 1518 1877 l.

115 1894 302 1941 exposuit:
340 1894 427 1941 „Die
461 1894 562 1931 Rede
598 1895 699 1930 steht
733 1894 796 1931 der
821 1895 899 1931 Zeit
932 1895 1029 1931 nach
1054 1896 1092 1931 in
1118 1895 1180 1931 der
1204 1895 1308 1930 Mitte
1334 1893 1519 1931 zwischen

115 1948 185 1984 den
210 1948 517 1994 Jugendwerken,
544 1948 602 1983 die
629 1948 712 1984 dem
735 1948 888 1993 Gorgias
914 1950 1018 1985 mehr
1042 1948 1296 1994 nachgebildet
1323 1949 1415 1994 sind,
1442 1949 1520 1984 und

115 2001 298 2036 zwischen
323 2000 394 2036 den
416 2001 575 2036 Werken
604 2001 669 2036 des
696 2002 820 2037 hohen
842 2003 976 2045 Alters,
1004 2003 1061 2037 die
1084 2002 1197 2037 sehon
1221 2001 1376 2037 manche
1403 2002 1520 2037 nuch-

115 2055 219 2090 terne
252 2054 329 2090 und
365 2054 507 2090 minder
540 2053 700 2101 kraftige
734 2055 874 2092 Stellen
906 2055 1098 2092 enthalten
1133 2055 1219 2100 und,
1255 2055 1422 2101 obgleich
1455 2057 1522 2092 frei

115 2119 189 2144 von
225 2109 327 2154 jener
363 2109 489 2145 Glatte
527 2109 604 2144 und
642 2109 885 2156 Ausfiihrung
922 2109 986 2146 der
1021 2109 1209 2154 Perioden,
1253 2111 1324 2145 Wie
1363 2111 1416 2146 sie
1459 2110 1522 2146 der

115 2161 293 2209 Panegyr.
319 2163 424 2208 zeigt,
461 2162 553 2198 doch
579 2163 617 2197 in
643 2163 770 2207 grosser
796 2162 1164 2208 Schwatzhaftigkeit
1190 2163 1269 2198 sich
1293 2164 1385 2199 iiber
1409 2164 1521 2200 Lieb—

115 2215 380 2260 lingsthemata
406 2216 571 2261 ergehen.
614 2216 688 2252 Der
704 2217 811 2253 Arch.
837 2218 887 2253 ist
913 2216 1090 2253 ebenfalls
1116 2217 1184 2252 mit
1199 2217 1310 2264 jenen
1327 2218 1522 2254 Parisosen

116 2268 193 2304 und
209 2269 429 2305 Antithesen
457 2269 559 2305 nicht
584 2269 769 2316 iibersfillt,
797 2283 836 2306 er
861 2271 1006 2306 euthalt
1022 2269 1126 2305 mehr
1142 2270 1291 2316 kernige
1309 2270 1386 2306 und
1403 2271 1521 2307 kraft-

235 2367 254 2404 ¹)
277 2367 403 2405 Drerup.
419 2366 504 2396 haud
518 2366 582 2396 scio
597 2376 637 2396 an
653 2376 717 2397 11011
731 2369 815 2398 recte
831 2369 967 2406 exponat
980 2376 1020 2396 110
1034 2367 1094 2397 1100
1110 2368 1234 2407 quidem
1248 2368 1314 2398 veri
1329 2377 1399 2398 esse
1413 2369 1520 2403 simile,

118 2419 186 2439 cum
208 2410 283 2440 dicit
302 2411 321 2440 1.
343 2411 379 2440 1.:
408 2420 462 2440 cur
489 2419 606 2449 quaeso
634 2411 741 2441 rhetor
770 2412 801 2440 id
831 2411 979 2449 temporis
1009 2412 1103 2441 modo
1134 2413 1292 2450 praeteriti
1323 2413 1460 2450 spatium
1491 2413 1522 2442 in

117 2454 259 2484 oratione
278 2454 413 2493 respexit
433 2464 459 2484 e.
481 2463 509 2493 q.
530 2463 554 2484 s.

234 2498 258 2535 Β)
276 2498 336 2534 Β1·.,
359 2499 413 2528 Vie
435 2498 488 2528 des
509 2498 636 2529 anciens
657 2501 796 2529 orateurs
817 2508 903 2537 grecs
926 2499 999 2529 1751
1021 2509 1051 2538 p.
1068 2500 1113 2530 17.
