1770 2749
676 140 920 176 -27-

92 236 182 282 loco,
217 247 328 284 quam
361 236 514 273 idoneus
539 236 617 284 ipse
644 236 702 282 sit,
739 236 801 284 qui
834 236 993 273 suadeat
1018 239 1287 281 commemorat,
1322 237 1376 273 ita
1400 238 1439 274 in
1465 239 1497 274 9.

94 291 228 327 similia
252 291 504 326 inveniuntur:
529 291 684 337 primum
711 302 785 326 non
811 290 1064 326 laudationem
1091 293 1164 337 (pro
1183 292 1312 337 quain
1329 291 1392 326 illa
1409 293 1498 327 artis

94 344 278 391 specimen
305 343 442 378 dictum
469 345 550 391 est),
586 343 652 379 sed
677 343 868 379 consilium
894 343 1023 379 datum
1047 345 1099 388 iri,
1128 343 1268 387 deinde,
1297 355 1407 390 quam
1432 356 1498 380 ne-

94 396 293 434 cessarium
327 396 377 433 sit
403 396 593 434 concordia
617 397 717 433 facta
742 397 878 433 bellum
903 397 1097 433 Persarum
1123 397 1317 444 suscipere,
1352 398 1500 433 tertium

94 462 205 498 quam
230 451 324 486 bene
351 452 481 485 auctor
506 450 657 486 consilia
683 450 768 486 dare
796 452 923 497 possit,
951 451 1230 487 demonstratur.
1278 451 1451 486 Similiter
1468 452 1499 486 6.

94 515 238 551 quoque
257 504 417 550 epistula
435 505 637 551 composita
654 506 720 540 est.
756 504 866 540 Cuius
885 516 968 540 cum
984 504 1088 540 initio
1107 505 1273 540 conferas
1292 515 1346 551 ep.
1363 504 1389 549 I,
1406 504 1502 539 1—4

94 559 133 593 et
156 556 217 601 IX,
233 558 295 591 1—
306 558 339 604 3,
370 558 561 604 praeterea
585 558 682 593 inter
707 569 746 593 se
772 557 995 605 respondent
1021 569 1074 604 ep.
1092 557 1152 603 VI,
1167 557 1264 593 4-6
1291 560 1329 593 et
1353 557 1501 602 1‚5—8.

94 611 145 646 Εο
164 612 291 646 autem
309 611 378 646 hoc
394 612 621 657 prooemium
639 623 663 647 a
679 611 827 658 reliquis
846 611 988 647 duobus
1007 612 1137 655 differt,
1165 612 1262 657 quod
1280 611 1501 647 Graecorum

95 663 306 700 concordiae
339 664 497 711 bellique
522 665 656 700 Persici
689 664 792 700 nulla
823 665 871 700 fit
904 665 1050 700 mentio.
1102 664 1159 699 Ad
1189 664 1258 699 has
1284 664 1382 699 enim
1408 664 1502 700 duas

94 728 151 753 res
178 717 291 753 etiam
316 717 354 753 in
380 718 467 765 ep.I
492 718 651 765 spectari
675 717 782 755 facile
807 718 971 764 intellegi
997 729 1189 754 censemus
1208 730 1227 754 e
1245 718 1378 764 verbis,
1406 729 1501 765 quae

94 772 132 806 in
158 772 189 807 7.
217 773 254 806 et
280 771 311 807 9.
329 783 403 818 par.
429 772 610 817 leguntur.
662 772 748 808 Sine
775 772 884 808 dubio
909 773 948 807 in
974 772 1036 817 eis,
1064 783 1159 818 quae
1185 771 1444 818 sequebantur,
1471 772 1502 806 si

94 824 202 859 modo
220 824 358 871 aliquid
375 825 607 871 sequebatur,
636 826 825 861 concordia
843 826 1064 861 Graecorum
1082 824 1290 871 bellumque
1308 824 1502 860 Persarum

94 878 256 913 tractata
282 879 395 913 erant.

215 931 354 966 Deinde
395 933 518 967 autem
557 943 630 967 non
668 931 910 976 intellegitur,
959 931 1139 978 quomodo
1179 931 1403 978 Speusippus
1442 931 1502 966 ille

95 986 224 1031 putare
269 985 429 1031 potuerit
467 985 663 1032 epistulam
689 985 721 1021 6.
760 986 805 1022 ad
840 986 1008 1022 Iasonem
1046 985 1173 1021 datam
1208 996 1305 1031 esse,
1353 985 1393 1020 in
1427 997 1502 1032 qua

96 1049 239 1085 semper
262 1038 394 1085 plurali
411 1050 562 1075 numero
581 1038 629 1075 ad
646 1051 719 1085 eos,
748 1039 880 1086 quibus
897 1040 1065 1084 mittitur,
1094 1038 1356 1084 significandos
1374 1040 1502 1075 auctor

95 1103 187 1127 usus
212 1091 271 1127 sit.
321 1092 467 1128 Minime
494 1095 620 1129 autem
646 1094 724 1129 veri
750 1095 808 1129 est
834 1093 950 1129 simile
975 1093 1078 1128 illum
1096 1096 1288 1139 tantopere
1308 1093 1498 1137 erravisse,

94 1147 138 1180 ut
173 1145 369 1191 epistulam
394 1147 426 1181 9.
452 1147 623 1191 Agesilao
658 1147 806 1182 inscribi
840 1146 986 1191 diceret,
1021 1147 1235 1193 praesertim
1262 1158 1341 1181 cum
1371 1146 1499 1181 statim

95 1198 199 1234 initio
225 1191 397 1244 legantur
421 1200 551 1235 verba:
577 1201 690 1240 εἰδὼς,
717 1200 748 1235 ὦ
774 1200 959 1246 Ἀρχίδαμε
984 1203 1022 1235 et
1047 1201 1084 1234 in
1111 1211 1186 1247 par.
1211 1199 1295 1235 inde
1322 1200 1369 1235 ab
1390 1201 1433 1234 11
1454 1200 1499 1234 de

95 1251 156 1287 illo
190 1253 269 1299 ipso
302 1253 416 1288 verba
441 1253 547 1298 fiant,
583 1254 716 1300 quibus
741 1256 846 1300 pater
872 1254 959 1299 eius,
986 1254 1033 1289 ad
1059 1265 1168 1300 quem
1195 1253 1353 1300 epistula
1379 1253 1497 1297 datur,

97 1305 331 1352 appellatur?
394 1307 487 1342 Tum
526 1307 671 1342 silentio
708 1307 905 1353 praeterire
944 1319 1018 1342 non
1056 1307 1141 1342 licet
1179 1309 1365 1342 auctorem
1402 1306 1499 1341 illius

98 1359 276 1405 epistulae
295 1359 501 1396 Socraticae
519 1360 588 1395 has
606 1360 783 1407 epistulas
800 1360 894 1396 falso
913 1361 1036 1396 ordine
1055 1361 1337 1396 enumeravisse.
1379 1360 1501 1395 Prima

98 1413 196 1448 enim
221 1413 358 1461 scripta
383 1426 465 1449 esse
490 1426 566 1450 non
591 1416 715 1461 potest
739 1417 824 1461 post
849 1426 988 1450 annum
1014 1426 1045 1450 a.
1065 1414 1143 1450 Chr.
1160 1426 1195 1450 n.
1213 1413 1295 1460 367,
1323 1426 1394 1461 quo
1413 1414 1499 1449 Dio-

97 1468 244 1513 nysium
269 1468 443 1503 maiorem
468 1470 653 1503 mortuum
679 1480 760 1504 esse
787 1470 934 1503 constat
942 1480 952 1514 3
978 1470 1085 1503 sexta
1110 1471 1235 1503 autem
1261 1467 1370 1514 paulo
1395 1470 1500 1514 post-

98 1531 209 1567 quam
234 1520 452 1565 Alexander,
480 1521 738 1558 Thessalorum
765 1523 957 1569 tyrannus,
983 1521 1200 1557 interfectus
1226 1523 1315 1566 erat,
1341 1520 1378 1556 id
1403 1521 1500 1567 quod

98 1586 195 1609 anno
221 1573 297 1610 fere
324 1575 394 1611 359
421 1575 561 1610 factum
588 1587 668 1611 esse
695 1576 772 1611 veri
799 1578 856 1611 est
878 1575 1047 1620 similest)
1074 1586 1211 1610 nonam
1229 1575 1383 1620 denique
1401 1586 1499 1609 anno

98 1627 169 1663 356
208 1628 446 1675 compositam
485 1641 566 1664 esse
606 1631 760 1676 apparet
794 1641 841 1664 ex
876 1629 954 1664 eius
988 1640 1062 1675 par.
1084 1628 1137 1664 16.
1192 1628 1340 1675 Itaque,
1377 1628 1407 1663 si
1440 1627 1500 1663 ille

98 1681 287 1728 epistulas,
315 1694 407 1728 quas
425 1694 492 1718 nos
510 1683 701 1732 habemus,
727 1682 827 1728 legit,
854 1682 936 1718 fieri
951 1694 1026 1719 non
1043 1684 1196 1729 poterat,
1221 1684 1265 1717 ut
1287 1694 1369 1718 eam
1385 1683 1500 1728 primo

97 1735 176 1770 loco
209 1738 369 1781 poneret,
405 1748 514 1782 quam
549 1736 789 1771 novissimam
824 1747 905 1771 esse
940 1737 974 1772 ei
1006 1736 1111 1771 facile
1138 1736 1185 1771 ad
1211 1734 1501 1780 cognoscendum

99 1791 187 1825 erat.
237 1788 360 1836 Atque
386 1789 529 1825 alienus
555 1792 613 1825 est
638 1790 697 1826 hic
721 1790 878 1826 vitiosus
906 1790 992 1826 ordo
1023 1789 1347 1836 inscriptionesque
1373 1801 1396 1825 a
1421 1790 1503 1825 tota

98 1842 195 1877 illius
229 1843 408 1888 epistulae
435 1843 642 1879 Socraticae
675 1843 806 1888 indole,
842 1855 954 1890 quam
979 1843 1211 1880 multitudine
1237 1843 1501 1888 exquisitorum

98 1895 390 1931 testimoniorum
416 1896 590 1932 excellere
618 1896 847 1932 Susemihlus
874 1897 960 1933 dicit
987 1897 1098 1941 (Alex.
1125 1896 1163 1931 L.
1181 1895 1330 1941 11,587).

216 1950 283 1986 His
309 1950 477 1986 omnibus
504 1951 730 1996 argumentis
757 1951 980 1997 adducimur,
1009 1954 1051 1987 ut
1076 1963 1121 1987 ex
1145 1950 1205 1986 illo
1224 1950 1301 1986 loco
1321 1950 1502 1997 epistulae

100 2004 307 2039 Socraticae
333 2005 528 2050 quicquam
554 2004 598 2039 de
624 2004 699 2040 fide
726 2005 966 2051 epistularum
991 2005 1263 2048 Isocratearum,
1289 2004 1454 2050 inprimis
1481 2004 1504 2039 6

99 2058 138 2093 et
163 2057 197 2103 9,
225 2057 324 2094 effici
349 2070 457 2106 posse
483 2069 668 2103 negemus.

217 2111 356 2155 Quibus
390 2113 600 2159 praemissis
626 2125 725 2148 nunc
750 2114 857 2149 nobis
882 2114 990 2149 liceat
1016 2112 1222 2148 accuratius
1250 2124 1432 2158 exponere
1460 2112 1504 2147 de

100 2176 154 2211 ep.
173 2165 204 2201 9.
255 2165 358 2201 Haec
388 2165 610 2210 singularem
647 2166 791 2202 obtinet
815 2166 936 2202 locum
969 2166 1065 2200 inter
1095 2165 1274 2212 epistulas
1299 2165 1505 2201 Isocrateas

101 2230 155 2264 eo,
191 2218 288 2266 quod
314 2218 361 2255 ad
388 2220 465 2255 eius
492 2219 723 2256 authentiam
751 2220 1019 2256 diiudicandam
1045 2230 1221 2264 magnum
1248 2221 1505 2265 argumentum

100 2272 248 2308 aliunde
287 2275 398 2319 atque
437 2285 456 2309 e
495 2285 661 2309 sermone
700 2276 739 2309 et
777 2274 1035 2320 compositione
1074 2272 1206 2308 deduci
1243 2275 1375 2319 potest.
1438 2272 1506 2307 Est

100 2327 227 2361 autem
251 2326 356 2371 ratio,
384 2337 478 2373 quae
503 2326 696 2362 intercedit
721 2327 816 2363 inter
840 2327 936 2362 hanc
961 2325 1157 2372 epistulam
1184 2328 1221 2361 et
1239 2326 1439 2361 orationem
1460 2325 1504 2369 (6)

100 2390 194 2426 quae
221 2379 462 2416 Archidamus
495 2379 712 2416 inscribitur.
763 2381 886 2428 Atque
921 2391 1003 2416 cum
1040 2392 1059 2416 e
1085 2392 1159 2427 par.
1180 2380 1225 2415 16
1252 2379 1441 2427 epistulae,
1467 2379 1505 2414 in

219 2497 238 2535 1)
262 2496 418 2533 Schaefer,
439 2497 458 2527 l.
473 2497 491 2528 l.
513 2497 534 2533 Ι,
551 2496 605 2527 151
628 2498 699 2528 adn.
714 2497 742 2528 2.
