1770 2749
690 128 932 164 *41-

221 223 270 259 Ut
293 224 333 260 in
359 236 537 269 sermone,
572 225 627 261 ita
660 225 699 261 111
732 226 814 261 1013
850 224 1093 272 componendi
1117 225 1260 260 ratione
1287 224 1513 260 offensiones

102 277 240 323 insunt,
266 289 421 325 quarum
447 278 586 315 multae
604 279 679 314 iam
697 291 721 314 a
737 278 880 315 Blassio
908 279 939 323 (l.
957 278 978 314 l.
997 278 1044 313 11⁵³
1063 277 1136 314 295
1154 277 1238 314 adn.
1256 278 1289 323 5)
1308 278 1514 322 castigatae

103 332 200 366 sunt.
253 331 330 375 Quo
355 331 434 368 loco
453 332 792 369 commemorandae
819 334 907 368 sunt
924 331 1185 368 anacoluthiae
1212 343 1307 379 quae
1333 333 1516 367 vocantur

102 396 177 431 par.
195 384 257 433 6s7
285 387 323 420 et
351 386 406 430 17,
442 397 665 433 quamquam
698 386 791 422 haec
825 398 848 422 a
873 385 1055 430 Dobrae0,
1091 386 1154 432 qui
1188 397 1252 432 pro
1277 387 1515 431 προκριθῆναι

102 438 291 485 proposuit
331 443 533 484 προκρῖναι,
576 441 634 475 est
671 434 829 476 sublata.
881 438 1148 475 Anacoluthias
1191 440 1317 474 autem
1360 438 1408 474 ab
1450 438 1512 474 illo

101 491 328 538 periodorum
355 492 497 528 artifice
523 493 684 529 evitatas
711 505 792 529 esse
819 495 967 530 constat
993 492 1047 537 (cf.
1075 493 1261 528 Blassium
1286 492 1308 528 l.
1326 491 1513 537 l.112174).

218 545 425 591 Praeterea,
451 545 489 581 id
506 546 602 592 quod
619 546 783 582 Blassius
801 548 944 582 monuit
968 546 990 582 l.
1009 546 1042 590 1.,
1067 558 1142 581 11011
1169 546 1262 581 satis
1289 546 1513 581 artificiosus

104 597 306 645 dignusque
323 596 481 635 Isocrate
499 600 557 634 est
574 611 735 635 conexus
753 600 979 645 singularum
992 600 1152 647 partium
1166 598 1476 647 paragraphorum
1490 600 1513 635 8

101 653 140 687 et
161 653 195 696 9,
221 652 259 687 in
285 652 418 699 quibus
444 664 519 689 non
544 653 666 689 minus
693 654 715 689 6
743 654 939 690 enuntiata
964 666 988 689 a
1012 653 1227 700 pronomine
1252 653 1409 689 relativo
1434 652 1512 689 fere

102 705 271 741 omnibus
290 705 436 741 casibus
455 706 618 742 adhibito
636 707 826 754 incipiunt,
846 709 889 743 ut
906 707 1098 743 falsarium
1116 707 1336 754 polyptoton
1353 705 1511 752 figuram

100 759 235 795 imitari
260 759 420 795 voluisse
447 760 650 806 suspiceris
701 760 781 796 Hac
814 762 941 796 autem
975 760 1097 806 figura
1121 760 1321 796 Isocratem
1346 759 1511 806 inprimis

101 812 138 847 in
173 813 296 848 verbis
333 813 452 854 πολὺς,
495 813 606 854 οὗτος,
645 815 694 854 ὃς,
731 815 781 853 τίς
819 825 927 850 usum
966 825 1048 850 esse
1087 814 1159 849 etsi
1196 814 1343 858 scimus,
1384 816 1511 849 tamen

101 866 277 913 exemplis
303 878 327 902 a
351 866 493 915 Blassss
520 866 552 911 (l.
570 866 591 902 l.
609 879 642 914 p.
664 868 744 913 182)
772 869 809 903 et
835 866 1020 903 Gehlertio
1049 866 1118 911 (1.1.
1139 880 1171 914 p.
1190 867 1248 912 43)
1276 867 1400 903 allatis
1427 879 1510 903 cum

100 919 157 954 his
182 920 420 967 paragraphis
447 921 667 966 comparatis
692 920 785 956 haec
820 921 915 956 ratio
942 921 1138 956 enuntiata
1164 921 1409 966 coniungendi
1434 932 1509 956 non

99 971 251 1009 ferenda
276 973 382 1009 nobis
408 973 556 1009 videtur
582 984 673 1010 esse.

221 1027 386 1073 Denique
403 1026 441 1062 id
455 1029 722 1072 argumentum,
741 1027 839 1074 quod
860 1039 879 1062 e
893 1027 1046 1072 ratione,
1066 1039 1161 1074 quae
1175 1028 1271 1063 inter
1283 1040 1337 1074 ep.
1351 1028 1507 1073 9,11s14

99 1081 136 1115 et
148 1091 196 1115 or.
208 1080 370 1126 5,86-88
380 1079 583 1125 intercedit,
595 1080 678 1115 duci
689 1081 823 1127 potest,
833 1080 906 1116 iam
922 1092 1032 1127 supra
1047 1082 1089 1127 (p.
1101 1080 1198 1128 34s6)
1214 1083 1271 1116 est
1285 1080 1506 1117 absolutum.

221 1133 277 1169 Ex
301 1133 359 1170 his
385 1136 512 1170 autem
537 1133 717 1178 omnibus,
745 1145 839 1181 quae
866 1133 910 1170 de
929 1134 1088 1181 epistula
1106 1134 1128 1170 9
1154 1134 1270 1171 311313
1296 1136 1395 1180 sunt,
1423 1146 1505 1171 eam

98 1198 174 1222 non
200 1188 247 1222 ab
273 1187 433 1222 Isocrate
460 1198 541 1222 esse
567 1187 807 1233 compositam
834 1198 1009 1233 apparere
1035 1187 1142 1222 nobis
1167 1187 1322 1223 videtur.

216 1240 294 1276 Iam
318 1241 552 1276 transeamus
579 1239 627 1276 ad

653 1308 877 1363 epistulam
908 1309 952 1352 νΙ

97 1385 341 1433 tractandam,
353 1387 456 1422 cuius
467 1385 510 1422 de
524 1385 655 1422 mutila
663 1385 782 1423 forma
794 1386 867 1422 iam
883 1398 994 1434 supra
1007 1385 1244 1422 disseruimus
1256 1385 1350 1431 (inde
1363 1398 1426 1434 ap.
1436 1387 1504 1431 25).

218 1441 297 1479 Τοῖς
317 1441 473 1479 Ἰάσονος
497 1441 613 1476 παισὶν
637 1440 846 1476 inscribitur
862 1440 954 1476 haec
971 1440 1140 1487 epistula,
1167 1441 1187 1475 i.
1206 1452 1235 1475 e.
1252 1440 1339 1475 filiis
1355 1440 1504 1484 Iasonis,

98 1494 247 1542 tyranni
273 1493 542 1539 Thessalorum,
579 1505 687 1541 quem
714 1505 811 1529 anno
839 1506 870 1530 a.
898 1493 979 1530 Chr.
1005 1505 1039 1530 n.
1066 1494 1138 1530 359
1163 1493 1396 1530 interfectum
1422 1505 1503 1529 esse

98 1559 210 1595 supra
235 1550 278 1595 (p.
296 1548 355 1593 27)
382 1548 757 1584 commemoravimus.
800 1549 853 1582 Ac
878 1548 1034 1594 primum
1070 1547 1216 1595 quidem
1251 1548 1294 1583 de
1329 1550 1502 1594 tempore,

97 1612 170 1648 quo
195 1601 288 1637 haec
313 1601 472 1648 epistula
497 1603 555 1637 est
581 1601 794 1648 composita,
829 1601 956 1637 variae
983 1601 1190 1637 sententiae
1215 1600 1378 1648 prolatae
1404 1602 1503 1637 sunt.

99 1656 179 1699 Qua
205 1655 249 1691 de
275 1667 313 1691 re
340 1655 520 1702 copiosius
546 1656 698 1700 egerunt
722 1654 908 1702 Hauptius
936 1655 968 1699 (l.
986 1655 1006 1690 l.
1033 1667 1066 1702 p.
1084 1654 1206 1702 20s26)
1242 1657 1279 1690 et
1305 1654 1349 1693 de
1375 1653 1504 1690 Gratia

98 1708 130 1752 (l.
148 1708 168 1744 10.
195 1720 228 1755 p.
245 1708 355 1755 23s4),
391 1708 620 1754 paucissimis
647 1707 776 1743 verbis
806 1708 972 1744 Blassius
1008 1708 1078 1751 (1.1.
1103 1720 1135 1755 p.
1155 1708 1236 1752 297)
1271 1710 1309 1743 et
1334 1707 1502 1754 Meyerus

98 1761 169 1806 (1.1.
196 1773 229 1809 p.
246 1761 342 1807 480),
377 1761 672 1806 Muonscherus1)
700 1760 744 1797 de
771 1763 935 1809 tempore
961 1761 1013 1797 nil
1038 1761 1160 1798 habet.
1210 1762 1331 1808 Atque
1358 1760 1503 1807 001303,

96 1815 288 1858 Pfundius,
316 1815 500 1862 Sauppius
526 1826 609 1851 eam
634 1826 733 1851 anno
760 1815 843 1859 369,
871 1815 1079 1863 Brequigny
1095 1826 1192 1851 anno
1211 1814 1291 1859 368,
1316 1814 1504 1861 Hauptius

97 1880 195 1905 anno
222 1869 305 1915 373,
333 1868 377 1905 de
396 1867 525 1905 Gratia
549 1869 647 1904 inter
671 1880 790 1905 annos
816 1869 888 1905 359
915 1871 954 1906 et
979 1869 1061 1914 352,
1087 1868 1253 1904 Blassius
1270 1870 1308 1904 et
1333 1867 1504 1915 Meyerus

96 1922 199 1958 brevi
231 1925 317 1970 post
343 1933 482 1958 annum
507 1921 578 1957 359
604 1924 757 1968 ponunt.
808 1923 886 1958 Iam
912 1923 1112 1967 videamus,
1148 1923 1227 1969 quis
1254 1933 1378 1957 eorum
1404 1924 1503 1958 recte

95 1975 320 2013 iudicaverit.

215 2031 295 2075 Qua
315 2030 354 2066 in
371 2029 588 2078 quaestione
607 2028 841 2066 diiudicanda
857 2029 1158 2078 proficiscendum
1176 2030 1234 2065 est
1251 2041 1298 2065 ex
1316 2030 1380 2075 eis,
1408 2041 1503 2077 quae

96 2095 142 2119 ex
177 2083 337 2130 epistula
369 2085 451 2131 ipsa
483 2083 756 2127 intelleguntur.
805 2083 946 2119 Iasonis
979 2083 1064 2118 filiis
1091 2082 1280 2118 consilium
1306 2082 1427 2128 datur,
1463 2085 1505 2119 ut

95 2137 212 2173 vitam
237 2138 464 2185 privatorum
489 2138 720 2184 anteponant
745 2139 985 2185 tyrannorum
1010 2137 1093 2184 (par.
1115 2135 1181 2181 11).
1231 2135 1298 2172 His
1324 2136 1436 2183 igitur
1460 2148 1503 2174 eo

95 2193 258 2239 tempore
275 2191 377 2228 vitae
395 2203 461 2228 suo
479 2191 627 2227 arbitrio
644 2191 897 2228 instituendae
914 2190 1074 2227 facultas
1090 2189 1171 2226 fuit.
1210 2190 1313 2234 Quae
1340 2192 1394 2227 eis
1412 2193 1501 2235 erat,

94 2247 291 2291 postquam
309 2244 527 2288 Alexander,
546 2245 728 2291 tyrannus
746 2244 1015 2288 Thessalorum,
1038 2243 1084 2278 ab
1104 2243 1157 2278 eis
1174 2243 1390 2279 interfectus
1409 2246 1501 2289 est.²)

93 2296 171 2334 Hos
189 2295 387 2346 postquam
405 2296 629 2346 aliquamdiu
641 2297 836 2346 populares
855 2308 937 2334 sese
955 2296 1239 2345 praestitissent,
1260 2300 1502 2346 tyrannorum

94 2353 295 2389 crudelium
332 2364 431 2389 more
466 2364 546 2388 sese
580 2364 705 2397 gerere
739 2353 901 2399 coepisse
934 2350 1114 2387 Diodorus
1149 2353 1311 2388 testatur
1349 2353 1501 2396 (16,14).

213 2429 233 2468 ¹)
253 2430 316 2466 1.1.,
346 2439 407 2470 quo
435 2429 523 2470 epist.
551 2429 687 2469 spuriam
715 2438 783 2460 esse
804 2429 1015 2460 demonstrare
1036 2428 1170 2459 studuit:
1199 2429 1284 2460 solus
1305 2429 1412 2460 Gratia.
1432 2438 1501 2459 cum

94 2484 131 2505 ΘΟ
151 2475 236 2557 ἰωξῐ
255 2519 295 2549 01.
317 2519 429 2557 Meyer,
451 2518 563 2548 Gesch.
585 2518 615 2549 d.
637 2519 757 2555 Alton„
780 2517 864 2553 1902,
886 2517 1002 2553 v.479.
1016 2518 1083 2548 400.
