1770 2749
685 133 930 169 -43-

222 228 362 273 Quibus
388 230 567 267 absolutis
593 242 692 267 nunc
716 230 943 278 proferamus
970 243 1024 277 ea,
1053 242 1147 278 quae
1174 230 1219 266 de
1237 241 1414 276 sermone,
1442 242 1512 278 quo

105 283 232 319 auctor
257 284 438 331 epistulae
463 296 556 321 usus
582 286 649 331 est,
676 285 964 322 observavimus.
1006 286 1127 332 Atque
1154 287 1197 321 ut
1221 284 1439 331 incipiamus
1464 284 1513 320 ab

105 337 157 373 eis
183 338 317 384 verbis,
343 339 383 374 in
409 339 541 386 quibus
567 339 752 385 graviores
776 340 995 376 offensiones
1012 340 1133 375 inesse
1151 349 1356 382 censemuS,
1383 338 1512 374 Muen-

104 392 254 428 scherus
279 392 301 428 l.
326 392 348 428 l.
375 393 450 438 egit
475 392 520 428 de
544 393 657 429 verbo
684 394 921 439 ὀριγνηθῆναι,
949 392 1045 440 quod
1069 393 1108 428 in
1133 405 1207 440 par.
1226 393 1249 428 9
1274 391 1413 437 legitur.
1452 392 1512 427 In-

103 445 251 481 venitur
263 447 388 482 autem
402 446 501 493 apud
510 445 721 490 Hesiodum,
732 443 950 493 Euripidem,
960 446 1201 492 Theocritum,
1215 445 1313 493 apud
1326 446 1513 493 prosaicos

104 499 313 546 posterioris
332 499 478 543 aetatis,
505 500 543 535 in
561 499 736 544 Axiocho,
755 499 854 546 apud
871 500 1088 547 Dionysium
1105 500 1196 546 fiai,
1216 501 1320 536 Dion.
1334 499 1513 536 Cassium.

103 552 283 588 Isocrates
309 553 479 588 adhibuit
504 552 640 599 pluries
666 552 819 588 verbum
845 554 1040 598 ὀρέγεσθαι,
1074 555 1117 588 ut
1142 554 1175 597 2,
1190 554 1222 588 2.
1248 553 1380 598 6,105,
1408 552 1511 588 alias.

103 604 231 653 Neque
258 605 411 642 diluitur
433 605 502 641 hoc
528 607 785 650 argumentum
812 617 867 651 eo,
894 605 991 653 quod
1015 606 1181 642 Blassius
1208 606 1238 646 (l.
1256 606 1278 643 l.
1295 606 1510 652 11122,381)

103 661 231 696 monet
246 659 400 696 verbum
418 660 648 706 ὀριγνηθῆναι
665 659 714 695 ab
731 659 1018 707 Harpocratione
1037 671 1084 695 ex
1100 660 1327 707 Antiphonte
1345 660 1512 708 sophista

105 713 235 758 afferri,
261 713 477 760 praesertim
504 724 587 749 cum
612 713 763 749 verbum
791 714 975 761 poeticum
1002 725 1082 749 esse
1109 713 1287 759 videatur,
1314 714 1510 750 Isocratem

104 768 232 803 autem
257 766 439 803 vocabula
464 767 608 814 poetica
634 767 834 803 evitavisse
861 768 1015 803 constet.

221 820 263 856 In
295 832 370 868 par.
389 820 411 857 6
447 822 601 857 occurrit
634 821 848 858 adverbium
883 822 1208 868 ὅιαπεπονημένωςῑ
1242 823 1346 857 εἰπεῖν
1372 822 1410 857 δὲ
1434 823 1512 867 περὶ

103 878 174 910 τῶν
198 877 441 921 προτεθέντων
466 877 672 921 ἐπιχαρίτως
695 876 755 910 καὶ
778 879 961 921 μουσικῶς
985 877 1045 911 καὶ
1072 877 1102 911 ὃ.
1139 875 1218 911 Hoc
1243 875 1457 911 adverbium
1473 876 1512 910 in

103 928 274 964 Isocratis
292 928 519 965 orationibus
536 940 612 965 non
628 928 701 974 legi
717 928 980 965 Muenscherus
1005 928 1026 965 1.
1044 928 1065 965 l.
1084 928 1217 965 docuit.
1260 928 1387 975 Neque
1404 940 1512 975 posse

104 981 250 1018 videtur
276 982 394 1018 afferri
420 981 520 1018 aliud
545 982 752 1030 exemplum
777 982 888 1019 huius
914 982 1079 1019 adverbii
1105 994 1205 1018 usus.

221 1035 262 1071 In
287 1047 362 1082 par.
379 1036 402 1071 5
427 1035 600 1081 leguntur
623 1036 753 1072 verba:
779 1037 865 1071 ἀλλὰ
891 1037 959 1082 γὰρ
985 1038 1065 1071 οὔτε
1081 1037 1254 1082 πρότερον
1271 1037 1355 1071 οὐδὲ
1371 1038 1513 1071 πώποτε

104 1143 261 1188 λέληθεν,
288 1145 367 1178 οὔτε
383 1147 446 1178 νῦν
464 1145 557 1189 ἔχων
573 1145 698 1189 ταύτην
714 1144 776 1189 τὴν
794 1144 949 1178 διάνοιαν
966 1145 1316 1189 ἐπραγματευσάμην,
1334 1144 1407 1178 ἀλλ’
1421 1145 1515 1189 ὑμᾶς

103 1197 168 1242 μὲν
202 1197 299 1242 ὀρῶν
334 1198 372 1231 ἐν
404 1197 544 1235 πολλοῖς
577 1198 636 1232 καὶ
668 1198 831 1243 μεγάλοις
862 1199 1063 1243 πράγμασιν
1089 1198 1192 1236 ὄντας
1218 1209 1248 1233 e.
1267 1208 1298 1244 q.
1317 1208 1344 1233 S.
1395 1196 1515 1232 Huius

104 1249 244 1296 periodi
270 1250 492 1286 constructio
519 1250 566 1285 ab
584 1250 754 1286 Isocratis
781 1250 1044 1290 consuetudine
1071 1251 1214 1295 generis
1233 1250 1376 1286 dicendi
1393 1250 1516 1286 aliena

105 1304 173 1349 est,
201 1302 298 1350 quod
316 1303 453 1339 attinet
469 1302 517 1340 ad
533 1315 642 1339 usum
660 1303 920 1351 particularum
938 1305 1024 1339 ἀλλὰ
1042 1304 1277 1350 sequentium
1294 1304 1513 1350 negationes

105 1359 183 1392 οὔτε
196 1378 243 1382 —-
257 1359 344 1393 οὔτε.
395 1357 616 1405 Saepissime
651 1357 748 1393 enim
774 1360 967 1394 occurrunt
990 1358 1029 1393 in
1056 1358 1285 1394 orationibus
1310 1358 1513 1406 particulae

105 1412 171 1446 οὐκ
198 1439 205 1446 .
232 1439 239 1446 .
267 1439 274 1446 .
301 1412 387 1447 ἀλλὰ
413 1413 457 1447 ut
482 1411 564 1458 2‚1;
591 1413 674 1447 οὐδὲ
701 1440 708 1447 .
735 1440 743 1447 .
770 1441 777 1447 .
803 1413 888 1447 ἀλλὰ
915 1414 957 1448 ut
982 1412 1085 1458 2,40:
1113 1414 1229 1452 οὐδεὶς
1255 1441 1262 1448 .
1290 1441 1297 1447 .
1324 1441 1331 1448 .
1358 1413 1444 1448 ἀλλὰ
1470 1414 1514 1448 ut

104 1465 137 1510 2,
153 1466 190 1510 4;
220 1465 460 1501 inveniuntur
484 1467 676 1512 praeterea
701 1467 815 1501 οὐκέτι
841 1494 848 1501 .
876 1494 882 1500 .
909 1494 916 1500 .
943 1467 1028 1501 ἀλλὰ
1054 1467 1097 1501 ut
1121 1466 1156 1510 4,
1171 1466 1249 1511 8s93
1277 1468 1410 1502 οὔκουν
1435 1494 1442 1501 .
1469 1494 1476 1501 .
1505 1494 1512 1501 .

106 1532 144 1563 γε
171 1546 178 1553 .
206 1546 212 1553 .
240 1546 247 1553 .
274 1519 359 1553 ἀλλὰ
385 1520 429 1554 ut
457 1519 512 1565 15,
528 1518 613 1564 313;
640 1521 742 1566 οὔπω
770 1547 777 1554 .
805 1547 812 1554 .
839 1547 846 1554 .
873 1520 956 1554 ἀλλὰ
985 1519 1113 1564 10,4Ο;
1140 1521 1323 1564 οὐδέτερον
1342 1547 1349 1555 .
1368 1548 1375 1554 .
1394 1548 1401 1554 .
1427 1520 1513 1554 ἀλλὰ

104 1574 147 1607 ut
172 1571 206 1616 3,
221 1571 283 1618 50;
310 1574 389 1607 οὔτε
415 1599 423 1606 .
442 1600 475 1609 ..
502 1574 580 1608 οὔτε
692 1574 778 1608 ἀλλὰ
804 1575 846 1608 ut
874 1573 1025 1619 12,150.
1051 1573 1159 1618 3,19;
1185 1584 1258 1609 uno
1284 1573 1363 1609 loco
1391 1573 1436 1618 (2,
1451 1573 1510 1618 45)

105 1626 190 1660 ἀλλὰ
216 1626 381 1672 sequitur
405 1626 640 1670 negationem
666 1628 744 1662 οὔτε
769 1628 897 1673 quater
922 1627 1124 1673 repetitam.
1166 1625 1358 1673 Nusquam
1385 1628 1511 1663 autem

105 1679 176 1715 nisi
202 1679 346 1715 duobus
372 1679 612 1726 epistularum
638 1680 726 1716 locis
747 1680 841 1717 haec
858 1680 1078 1716 constructio
1097 1682 1175 1715 οὔτε
1193 1708 1200 1716 .
1219 1708 1226 1715 .
1245 1708 1252 1716 .
1271 1681 1357 1716 ἀλλὰ
1370 1702 1414 1706 —
1433 1682 1512 1716 οὔτε

106 1761 112 1768 .
132 1761 139 1769 .
158 1760 165 1768 .
184 1733 269 1768 ἀλλὰ
287 1733 454 1770 adhibita
471 1736 611 1771 exstat:
637 1736 783 1782 praeter
799 1735 897 1771 hunc
921 1734 1040 1771 locum
1058 1736 1122 1781 (ep.
1141 1734 1175 1780 6,
1191 1734 1223 1779 5)
1251 1736 1309 1770 est
1327 1746 1381 1781 ep.
1400 1735 1434 1781 2,
1449 1735 1511 1770 22:

105 1789 308 1833 φανήσομαι
333 1788 400 1833 γὰρ
426 1790 505 1823 οὔτε
530 1787 738 1837 κολακεύεινζ
763 1790 871 1835 αὐτὴν
896 1790 932 1824 ἓν
955 1793 1025 1827 τοῖς
1049 1789 1165 1833 λόγοις
1190 1789 1398 1834 εἰθισμένος,
1424 1789 1511 1824 ἀλλὰ

104 1842 243 1877 πλεῖστα
267 1842 409 1877 πάντων
435 1843 693 1889 ἒπιτετιμηκὼς,
720 1844 791 1878 οὔτ’
818 1843 856 1878 εὗ
881 1843 976 1888 παρὰ
1001 1846 1071 1881 τοῖς
1094 1842 1234 1881 πολλοῖς
1259 1843 1318 1877 καὶ
1343 1847 1414 1882 τοῖς
1435 1844 1512 1889 εἰκῇ

106 1896 336 1941 δοκιμάζουσι
361 1897 566 1942 φερόμενος,
593 1898 666 1932 ἀλλ’
691 1898 928 1943 ἀγνοούμενος
953 1898 1011 1932 ὑπ’
1038 1897 1153 1931 αὐτῶν
1177 1897 1237 1931 καὶ
1262 1897 1513 1943 φθονούμενος

105 1950 222 1994 ὥςπερ
248 1951 328 1994 mil)

222 2003 302 2039 Par.
320 2004 344 2039 8
370 2004 498 2039 auctor
523 2002 624 2039 dicit:
661 2032 667 2039 .
695 2032 702 2039 .
730 2032 737 2039 .
764 2006 926 2051 ζητητέον
951 2004 1036 2039 εἶναί
1058 2017 1149 2049 φημι
1173 2004 1234 2043 τὰς
1260 2005 1364 2046 ἰδέας,
1392 2006 1440 2040 δι’
1459 2004 1512 2041 ὧν

105 2059 197 2091 ταῦτ’
237 2059 523 2104 ἒξεργασθήσεται
561 2059 620 2093 καὶ
656 2059 802 2104 λήψεται
838 2060 947 2099 τέλος,
986 2059 1071 2103 ὅπερ
1108 2059 1326 2104 ὑπεθέμεθα.
1389 2060 1512 2106 Atque

106 2149 155 2178 vel
176 2149 277 2179 hieme
297 2150 371 2180 anni
391 2150 449 2180 375
469 2150 585 2179 socium
599 2151 836 2181 Atheniensium
856 2151 953 2181 fuisse
966 2152 998 2180 et
1011 2152 1086 2180 ante
1100 2159 1211 2189 pacem
1224 2160 1307 2181 anno
1321 2151 1378 2182 371
1394 2151 1512 2182 factam

106 2193 144 2223 de
164 2193 292 2224 foedere
313 2194 488 2224 decessisse.
519 2194 566 2224 De
586 2195 716 2230 ratione.
738 2205 818 2236 quae
838 2195 1012 2225 intercessit
1032 2193 1112 2224 inter
1131 2195 1252 2226 Iasonis
1272 2196 1357 2227 filios
1371 2198 1403 2226 et
1416 2196 1513 2226 Athe-

105 2238 235 2274 nienses,
256 2238 298 2268 nil
313 2239 387 2269 certi
403 2240 538 2268 constat.
573 2239 598 2268 Ε
613 2240 808 2279 paragrapho
829 2242 934 2270 autem
954 2239 982 2269 3.
997 2239 1149 2278 epistulae
1169 2240 1202 2270 6:
1225 2242 1372 2279 φοβοῦμαι
1391 2243 1441 2269 καὶ
1461 2242 1514 2277 τὴν

105 2280 192 2310 πόλιν
213 2303 221 2311 .
236 2304 243 2311 .
259 2304 266 2311 .
287 2282 346 2320 ὁρῶ
359 2281 415 2321 γὰρ
434 2281 486 2313 τὰς
506 2283 668 2320 συμμαχίας
686 2282 738 2315 τὰς
756 2283 830 2322 πρὸς
844 2284 931 2319 αὐτὴν
948 2284 1176 2321 γιγνομένας
1195 2286 1302 2321 ταχέως
1316 2283 1513 2322 διαλυομένοις.

106 2323 133 2354 εἰ
151 2324 187 2362 δή
205 2337 235 2355 τι
255 2326 380 2365 συμβαίη
399 2328 449 2355 καὶ
467 2325 542 2365 πρὸς
560 2327 634 2363 ὑμᾶς
652 2331 785 2357 τοιοῦτον
804 2350 811 2357 .
827 2350 834 2357 .
850 2350 857 2357 .
878 2327 1014 2357 Blassius
1034 2327 1100 2357 iure
1121 2329 1283 2367 collegisse
1303 2329 1427 2359 videtur
1445 2330 1513 2358 tum

105 2370 290 2401 societatem
310 2371 391 2400 iuter
410 2370 480 2401 illos
499 2371 770 2412 Atheniensesque
789 2372 887 2402 fuisse
909 2372 1028 2411 (Eloqu.
1049 2373 1086 2402 A.
1107 2373 1164 2410 11²,
1175 2373 1234 2403 298
1254 2373 1325 2403 adn.
1342 2373 1380 2410 1).
1421 2373 1512 2403 Falso

105 2416 212 2445 autem
225 2415 381 2454 Meyerum
402 2415 468 2453 (1.1.
481 2424 512 2454 p.
526 2415 595 2453 480)
618 2416 733 2447 dixisse
753 2425 926 2448 censemus:
951 2416 1096 2452 „Damals
1117 2418 1251 2447 standeu
1272 2418 1317 2447 sie
1337 2418 1394 2447 mit
1407 2417 1513 2447 Athen

105 2458 281 2490 feiudlich.'‘

224 2504 245 2542 ¹)
267 2503 305 2534 de
325 2503 391 2532 οὔτε
409 2502 553 2543 πρότερον
574 2526 581 2534 .
604 2526 611 2534 .
633 2526 640 2534 .
661 2507 726 2534 οὔτε
744 2508 796 2534 νῦν
814 2505 885 2534 vide
905 2504 998 2543 paulo
1019 2505 1102 2536 infra
1122 2506 1163 2536 ad
1183 2515 1248 2544 par.
1263 2506 1291 2536 5.
