1770 2749
761 107 980 142 -8-

165 201 383 238 conexuisse
421 202 602 249 particula
637 203 706 244 καὶ,
746 205 789 239 ut
827 204 1036 252 exemplum
1073 203 1207 251 legitur
1245 216 1299 253 ep.
1327 205 1408 251 6‚2:
1450 205 1490 242 τὸ
1526 206 1577 252 μὴ

167 257 339 292 δύνασθαι
364 257 563 292 πλανᾶσθαι
588 258 703 292 καὶτὸ
728 259 778 303 μὴ
805 260 960 303 πρέπειν,
987 258 1053 294 sed
1078 260 1145 295 aut
1170 259 1374 295 infinitivos
1399 259 1578 306 positivos

165 309 262 345 inter
287 321 328 345 se
362 311 427 345 aut
462 321 545 345 cum
580 310 750 357 positivis
785 311 980 356 negativos
1011 311 1246 348 coniunxisse
1280 311 1385 349 velut
1418 312 1514 360 3,14
1539 313 1578 348 τὸ

165 364 353 410 διωρίσθαι
378 364 438 399 καὶ
469 364 520 410 μὴ
547 392 555 400 .
583 394 589 401 .
617 392 624 400 .
660 364 720 400 vel
746 365 841 410 8,3O
879 367 918 401 ἐκ
954 370 1015 402 τοῦ
1041 394 1048 401 .
1075 394 1082 402 .
1109 394 1116 402 .
1149 367 1297 413 βοηθεῖν
1330 367 1390 402 καὶ
1423 367 1474 413 μὴ
1501 395 1509 402 .
1536 395 1543 403 .
1570 395 1577 402 .

164 417 226 453 vel
265 419 298 463 7,
309 418 356 453 53
399 419 438 453 ἐκ
480 423 543 453 τοῦ
569 446 577 453 .
604 446 610 452 .
643 420 750 454 οἰκεῖν
777 447 783 453 .
812 447 819 454 .
846 446 853 454 .
884 421 943 454 καὶ
984 424 1046 455 τοῦ
1083 421 1221 465 μηδένα
1247 447 1254 455 .
1281 447 1288 455 .
1316 421 1384 455 aut
1420 419 1578 456 alterum

165 470 390 506 infinitivum
424 470 609 507 addidisse
644 471 825 519 particula
857 473 949 520 μηδὲ
976 472 1143 510 adhibita
1169 472 1272 511 velut
1297 473 1331 520 6,
1342 473 1401 520 55,
1439 474 1578 520 15,123

165 527 233 561 aut
265 537 466 572 usurpasse
500 526 702 572 particulas
735 529 823 572 μήτε
850 555 857 562 .
884 556 892 563 .
917 529 1004 572 μήτε
1038 528 1143 563 velut
1180 528 1235 572 15,
1246 528 1327 563 262.
1378 527 1442 563 Ille
1468 528 1579 572 igitur

166 590 267 623 usus,
295 579 358 625 qui
383 579 422 613 in
448 578 607 625 epistula
634 580 657 614 6
680 579 877 624 invenitur,
905 591 980 614 non
1007 582 1065 615 est
1086 580 1300 616 Isocrateus.
1351 581 1479 627 Itaque
1504 591 1578 616 non

165 631 274 679 plane
301 630 571 679 adstipulamur
596 632 813 678 Birkloin01)
842 632 993 670 dicenti:
1038 633 1101 680 „In
1127 633 1199 670 den
1225 633 1372 670 Briefen
1397 634 1476 670 lfisst
1501 634 1578 670 sich

165 685 247 720 eine
273 697 348 721 von
383 685 465 721 dem
492 685 708 722 Gebrauche
742 686 781 721 in
817 685 889 722 den
924 686 980 722 als
1015 686 1100 723 echt
1134 687 1329 732 geltenden
1354 687 1483 723 Reden
1509 687 1577 723 ab·

165 738 380 775 weichende
406 738 659 785 Erscheinung
684 739 787 775 nicht
812 738 1098 777 konstatieren.“

282 793 361 828 Iam
379 792 591 839 afferamus,
620 804 714 840 quae
742 793 786 829 de
805 805 876 829 usu
893 793 1159 840 particularum
1175 795 1210 830 τὲ
1222 815 1271 820 -
1284 795 1344 829 καὶ
1361 796 1399 830 et
1423 795 1458 830 τὲ
1471 815 1517 820 -
1530 795 1575 839 τὲ,

163 858 262 893 quae
297 848 335 882 et
368 846 407 881 in
441 845 669 882 orationibus
708 849 746 882 et
779 847 818 882 in
855 846 1023 894 epistulis
1058 849 1263 894 occurrunt,
1300 847 1453 884 dicenda
1481 849 1577 884 sunt.

164 901 220 936 Ac
233 899 377 936 Fuhrus
385 901 409 945 2)
425 900 639 936 observavit
656 901 754 948 apud
768 901 966 937 Isocratem
991 902 1026 937 τὲ
1043 903 1103 937 καὶ
1121 901 1272 938 voculas
1289 902 1345 938 ita
1362 902 1578 938 coniunctas

165 966 240 990 non
266 954 337 1000 legi
362 955 433 989 nisi
459 955 575 1000 priore
602 967 625 990 a
651 954 770 990 vocali
796 954 1030 1001 incipiente.⁸)
1083 955 1162 999 Quo
1197 967 1281 991 cum
1306 967 1379 991 usu
1405 955 1578 991 convenit

164 1019 220 1055 ep.
240 1008 307 1053 8,9
332 1010 416 1054 ὑμῖν
440 1022 476 1043 τε
501 1009 560 1043 καὶ
584 1012 656 1047 τοῖς
681 1009 807 1049 ἄλλοις,
842 1007 1043 1045 abhorrent
1068 1009 1115 1044 ab
1142 1020 1185 1045 eo
1213 1008 1284 1045 duo
1310 1008 1398 1047 loci:
1438 1020 1491 1057 ep.
1510 1008 1583 1055 5,2

163 1063 378 1109 συμβάλλων
403 1077 438 1098 τε
463 1063 522 1098 καὶ
547 1066 733 1098 κοινωνῶν
759 1064 798 1098 et
815 1074 868 1110 ep.
887 1063 955 1106 5,4
980 1066 1082 1108 τιμᾶν
1099 1077 1134 1098 τε
1159 1064 1218 1098 καὶ
1243 1064 1412 1104 κολάζειν.
1463 1063 1576 1099 Prae-

164 1119 268 1151 terea
293 1115 354 1151 ille
372 1116 428 1151 vir
453 1115 687 1151 doctissimus
705 1116 864 1162 repperit
890 1115 922 1159 (1.
936 1115 956 1150 l.
975 1127 1007 1162 p.
1022 1116 1104 1161 347)
1124 1116 1162 1151 in
1180 1116 1577 1152 orationibus.voculas

163 1171 199 1205 τὲ
226 1170 293 1215 γὰρ
320 1169 468 1216 θΧοίρί4)
495 1169 675 1216 particula
699 1170 744 1213 τὲ,
781 1168 886 1204 velut
910 1169 1029 1215 4,135
1055 1171 1095 1205 οἵ
1113 1184 1147 1205 τε
1174 1171 1241 1215 γὰρ
1268 1171 1466 1216 ἀφεστῶτες
1491 1198 1498 1205 .
1517 1197 1525 1205 .
1544 1197 1551 1205 .
1569 1197 1577 1205 .

164 1227 235 1259 τῶν
247 1235 297 1267 τες
323 1223 357 1268 4,
371 1223 455 1268 1373
475 1222 583 1267 6,24;
603 1223 725 1268 7‚6s7;
744 1223 866 1269 31s32.
885 1223 1108 1268 8,105.138;
1130 1224 1185 1269 14,
1197 1224 1299 1270 46s73
1321 1224 1376 1268 15,
1388 1222 1485 1269 95s6.
1498 1223 1577 1259 170.

165 1276 358 1312 Accedunt
400 1276 470 1311 loci
514 1276 710 1320 (1‚29.32);
757 1276 906 1321 12‚157.
920 1276 997 1312 180.
1013 1276 1094 1311 242.
1162 1276 1232 1320 Qui
1274 1288 1364 1311 usus
1408 1278 1578 1312 servatur

168 1329 409 1377 epistularum
436 1329 524 1365 locis
550 1330 623 1366 his:
650 1330 743 1374 2,18
769 1331 851 1369 τούς
875 1344 910 1365 τε
936 1331 1003 1375 γὰρ
1030 1360 1037 1367 .
1057 1357 1089 1367 ..
1116 1334 1187 1365 τῶν
1213 1344 1255 1367 τε.
1307 1330 1395 1375 4,11
1423 1331 1578 1369 ἐκείνους

163 1399 199 1419 τε
225 1385 292 1429 γὰρ
319 1412 325 1418 .
353 1413 360 1419 .
388 1412 394 1418 .
420 1389 492 1418 τῶν
516 1398 560 1420 τε.
613 1383 646 1429 5,
657 1384 721 1430 2s3
746 1389 818 1419 τῶν
844 1398 878 1418 τε
905 1385 971 1429 γὰρ
998 1411 1005 1419 .
1032 1412 1039 1419 .
1066 1412 1073 1419 .
1100 1389 1171 1419 τῶν
1202 1398 1239 1424 ,τε
1265 1385 1485 1430 φιλοσοφιῶν
1511 1385 1577 1419 οὐκ

164 1439 450 1483 ἀποδοκιμάζειν.
501 1437 614 1473 Plane
650 1439 776 1473 autem
803 1437 850 1472 ab
889 1449 931 1473 eo
958 1436 1136 1473 differunt
1161 1437 1200 1473 hi
1224 1437 1294 1473 loci
1320 1436 1577 1484 epistularum:

166 1493 257 1537 4,11
284 1493 346 1538 τήν
371 1506 406 1527 τε
433 1492 499 1537 γὰρ
518 1493 675 1537 ἀπειρίαν
690 1520 696 1526 .
712 1522 719 1528 ,
735 1492 815 1526 ,καὶ
841 1492 903 1537 τὴν
920 1492 1154 1537 λαμπρότητα.
1197 1492 1230 1537 7,
1246 1492 1290 1527 13
1308 1492 1579 1537 Αὖτοκράτορός

162 1560 198 1581 τε
225 1547 291 1591 γὰρ
318 1574 324 1580 .
352 1575 360 1582 .
388 1574 394 1580 .
422 1574 429 1580 .
455 1547 523 1580 καὶ.
575 1545 667 1591 9,12
702 1546 859 1591 εἴθισμαί
891 1559 925 1580 τε
951 1546 1019 1590 γὰρ
1046 1573 1052 1580 .
1081 1573 1088 1580 .
1115 1573 1122 1579 .
1149 1546 1208 1580 καὶ
1234 1546 1409 1590 δεξαίμην,
1444 1544 1577 1591 quibus

165 1599 253 1635 locis
280 1611 354 1635 non
380 1600 424 1643 τὲ,
458 1598 522 1634 sed
548 1600 607 1634 καὶ
632 1599 814 1646 particula
840 1599 1045 1646 sequitur.⁶)
1097 1597 1224 1646 Neque
1250 1597 1343 1635 haec
1369 1596 1579 1634 differentia

165 1654 246 1689 sola
286 1652 480 1689 intercedit
522 1654 619 1689 inter
660 1653 753 1689 haec
795 1653 867 1689 tria
911 1652 1080 1700 exempla
1122 1653 1161 1688 et
1202 1652 1358 1699 reliqua,
1403 1663 1497 1698 quae
1539 1651 1578 1686 in

167 1706 393 1742 orationibus
419 1707 602 1751 leguntur,
629 1707 666 1741 id
692 1706 789 1752 quod
808 1706 969 1741 Fuhrum
996 1706 1137 1751 fugisse
1155 1705 1310 1741 videtur.
1363 1704 1578 1740 Orationum

166 1760 263 1796 enim
297 1760 384 1796 locis
418 1759 482 1796 illa
517 1759 724 1803 enuntiata,
761 1771 856 1807 quae
890 1760 925 1796 τὲ
952 1760 1019 1806 γὰρ
1045 1761 1083 1796 et
1107 1760 1142 1796 τὲ
1176 1758 1367 1807 praebent,
1401 1759 1456 1795 ita
1490 1760 1579 1794 sunt

167 1814 380 1861 composita,
415 1817 458 1850 ut
492 1815 540 1849 ab
576 1814 694 1850 altera
719 1813 901 1861 particula
926 1815 961 1849 τὲ
987 1814 1140 1861 incipiat
1164 1825 1304 1849 novum
1331 1813 1577 1857 enuntiatum,

166 1867 263 1914 quod
304 1878 327 1902 a
364 1868 480 1914 priore
519 1870 712 1914 separatur
750 1867 1057 1914 interpunctionis
1101 1867 1205 1913 signo
1244 1865 1306 1903 vel
1343 1866 1479 1902 maiore
1517 1864 1579 1902 vel

166 1921 316 1966 minore,
345 1923 384 1957 et
409 1921 589 1969 oppositio
609 1920 791 1968 quaedam
817 1921 893 1958 fere
920 1933 1064 1968 semper
1080 1921 1179 1957 inter
1203 1920 1266 1957 illa
1284 1920 1356 1956 duo
1382 1920 1579 1956 enuntiata

161 1975 338 2011 videatur
371 1975 610 2019 intercedere3
650 1987 721 2022 quo
762 1986 845 2010 eum
883 1986 954 2010 usu
989 1977 1196 2019 congruunt
1230 1973 1473 2020 epistularum
1510 1973 1579 2009 loci

286 2118 308 2154 1)
329 2117 364 2146 In
384 2125 422 2146 eo
443 2116 531 2150 libro,
564 2116 616 2154 qui
637 2115 813 2144 inscribitur
834 2115 967 2148 Sebanz.
999 2114 1146 2152 Beitrige
1167 2123 1223 2143 zur
1242 2113 1350 2144 histor.
1373 2114 1495 2152 Syntax
1525 2113 1579 2144 der

166 2161 281 2200 griech.
303 2161 445 2199 Sprache
475 2169 503 2198 p.
517 2159 565 2190 63.
587 2177 624 2180 —
647 2160 760 2189 Omnes
791 2159 888 2193 locos,
922 2158 1031 2198 quibus
1061 2157 1210 2188 infinitivi
1241 2166 1312 2188 cum
1342 2159 1400 2188 art.
1421 2158 1578 2188 coniuncti

165 2206 320 2244 leguntur,
342 2204 517 2235 exscribere
537 2204 664 2242 longum
686 2206 744 2233 est.
785 2203 956 2233 Nonnullos
978 2202 1105 2241 collegit
1126 2202 1271 2240 Wagner.
1292 2202 1331 2232 de
1351 2202 1406 2232 inf.
1428 2211 1478 2241 ap.
1499 2204 1577 2233 orat.

165 2251 232 2281 Att.
254 2259 280 2279 o.
301 2251 360 2278 art.
382 2249 564 2283 coniuncto;
585 2248 692 2284 Progr.
713 2247 824 2285 Gymn.
846 2246 989 2277 Friderio.
1009 2246 1170 2276 Sohwerin
1192 2245 1277 2276 1885.

284 2294 305 2329 2)
326 2293 404 2322 Mus.
426 2291 528 2321 Rhen.
549 2291 611 2320 vol.
631 2291 759 2320 XXXIII
781 2300 809 2329 p.
824 2285 892 2319 3'34.

283 2337 304 2376 ³)
327 2336 376 2367 Or.
393 2335 489 2372 19‚42
519 2335 603 2375 prius
634 2335 819 2365 vocabulum
851 2337 900 2365 est
930 2344 1043 2366 nomen
1074 2335 1230 2374 proprium
1260 2333 1409 2373 incipiens
1438 2344 1458 2364 a.
1478 2343 1577 2370 cons.;

168 2384 328 2419 praeterea
347 2390 469 2420 semper
488 2381 602 2418 legitur
615 2379 718 2410 καλούς
729 2390 761 2408 τε
774 2379 930 2417 κάγαθούς,
952 2383 987 2409 ut
997 2379 1025 2415 6,
1037 2379 1085 2409 35.
1106 2379 1134 2414 8,
1148 2378 1214 2409 133.
1235 2378 1357 2416 Reliqui
1371 2380 1445 2408 sunt
1460 2378 1577 2409 12100i.

283 2426 305 2462 ⁴)
326 2423 358 2453 δὲ
378 2426 520 2463 sequitur
539 2424 568 2460 3,
583 2423 663 2461 3213.
688 2423 733 2458 15,
745 2423 812 2454 232.

284 2469 305 2507 ⁵)
328 2478 375 2508 ep.
390 2468 418 2505 7.
432 2468 465 2499 11
489 2468 583 2499 lectio
606 2477 668 2498 non
689 2469 822 2498 constat.
858 2467 1015 2498 Urbinatis
1035 2467 1128 2498 lectio
1150 2475 1221 2498 cum
1235 2475 1295 2497 usu
1315 2466 1470 2497 Isocrateo
1491 2465 1578 2498 iacit.
