1770 2749
711 123 952 159 —21-

126 222 212 259 laris
237 232 329 256 usus
354 221 499 266 praeter
533 220 714 267 epistulae
747 221 868 257 locum
892 221 1082 258 invenitur
1108 221 1211 266 1,20:
1255 222 1371 259 αὐτοῖς
1397 223 1535 261 οἰκείως

126 276 350 321 ἐντυγχάνειν.

249 354 256 363 .
283 354 291 363 .
316 328 378 372 τὴν
404 328 637 373 γεγενημένην
661 329 758 373 αὐτῷ
782 329 873 373 πρὸς
897 329 935 364 σὲ
962 332 1090 373 γνῶσιν
1115 339 1179 374 pro
1205 328 1262 363 tui
1287 327 1534 372 cognitionem

125 380 375 418 foedissimam
408 391 490 416 esse
526 379 722 417 dictionem
752 380 882 418 Gratia
915 381 1119 427 adnotavit,
1159 392 1227 417 suo
1263 380 1410 428 quidem
1443 380 1531 426 iure,

125 435 196 472 etsi
222 445 372 471 oausam
398 445 472 470 non
507 434 655 470 addidit.
706 434 833 482 Neque
867 436 964 472 enim
995 447 1153 483 usquam
1180 439 1308 481 γνῶσις
1332 446 1408 470 vox
1434 433 1533 481 apud

124 489 322 526 Isocratem
349 489 484 533 exstat,
511 490 768 536 praeterquam
786 488 884 537 quod
907 489 946 525 in
963 489 1186 525 Demonioea
1212 490 1257 535 (1,
1268 489 1326 534 34)
1346 500 1369 524 a
1388 488 1532 523 duobus

124 542 309 580 codicibus
335 541 540 587 exhibetur,
566 543 621 579 ita
645 545 783 589 tamen,
810 546 853 580 ut
880 543 1108 590 „sententia“
1138 542 1375 589 significetur.

246 598 280 631 οἱ
302 598 369 641 μέν
393 610 481 635 τινες
498 624 506 632 .
524 625 531 632 .
551 624 558 631 .
584 598 618 632 οῖ
643 598 681 632 δὲ
699 624 706 632 .
725 624 732 632 .
751 625 758 632 .
784 598 966 633 vocabula
992 600 1027 632 οῖ
1050 600 1116 643 μέν
1139 612 1226 636 τινες
1251 597 1305 632 ita
1332 597 1532 633 coniuncta

122 662 196 686 non
221 649 394 695 leguntur
419 649 517 697 apud
541 650 739 687 Isocratem
765 650 820 696 (cf.
844 650 973 687 indicis
999 663 1032 698 p.
1050 652 1096 686 91
1124 663 1151 687 s.
1178 662 1211 687 v.
1236 652 1286 690 τὶς
1311 650 1388 696 21)).

243 705 385 739 πολλῶν
410 705 470 739 καὶ
494 705 729 740 παντοδαπῶν
747 732 754 741 .
774 733 781 740 .
800 732 808 741 .
834 707 975 751 ἀνδρῶν
993 733 1000 741 .
1019 734 1027 741 .
1054 705 1276 741 adiectivum
1301 705 1530 744 παντοδαπὸς

120 758 159 793 in
186 756 413 792 orationibus
438 768 629 804 nunquam
654 757 701 793 ad
726 770 901 805 personas
927 757 1092 803 refertur,
1130 760 1173 793 ut
1198 759 1353 805 apparet
1380 769 1399 793 e
1426 758 1459 802 4,
1471 757 1527 793 70.

124 811 178 856 12,
190 810 271 846 246.
297 812 330 856 4,
342 811 389 846 45
416 810 569 858 aliisque
594 811 691 847 locis.

243 893 250 901 .
278 892 285 900 .
312 892 319 899 .
345 866 424 910 περὶ
448 865 487 900 τὸ
514 866 744 911 διανοηθῆναι
770 893 776 901 .
804 893 811 901 .
837 865 937 901 nullo
962 865 1041 901 loco
1067 865 1251 901 Isocrateo
1277 865 1348 900 hoc
1373 865 1527 901 verbum

120 918 289 955 absolute
328 920 545 965 usurpatum
579 919 778 965 invenitur3
818 931 891 955 uno
928 919 1016 965 loco,
1059 919 1210 964 15,190‚
1250 918 1398 955 additur
1435 919 1527 964 πρὸς

119 973 239 1017 αὑτὸν;
264 971 445 1019 plerisque
463 971 551 1008 locis
569 973 800 1019 coniungitur
817 985 900 1009 eum
923 973 1145 1018 accusativo,
1173 975 1215 1008 ut
1240 972 1524 1018 12‚11.96.187‚

119 1024 212 1061 alias
251 1028 318 1061 aut
356 1037 438 1061 cum
476 1025 649 1062 adverbio
676 1028 800 1072 οὕτως,
843 1028 886 1062 ut
912 1027 945 1073 8,
957 1027 991 1071 8,
1018 1028 1086 1062 aut
1124 1038 1207 1062 cum
1243 1026 1440 1070 infinitivo,
1485 1028 1526 1062 ut

122 1079 246 1125 12,51.
275 1080 330 1124 15,
341 1079 423 1125 220,
451 1079 532 1116 aliis
557 1080 653 1116 locis.
703 1081 774 1118 Hic
797 1080 908 1126 igitur
933 1092 1034 1127 usus,
1062 1080 1126 1128 qui
1152 1081 1210 1116 est
1240 1080 1278 1116 in
1305 1079 1465 1127 epistula
1488 1080 1524 1125 4,

117 1144 193 1168 non
218 1135 276 1169 est
300 1133 514 1169 Isocrateus.
565 1134 699 1170 Similis
725 1137 783 1170 est
808 1146 908 1179 usus,
945 1134 1007 1180 qui
1037 1135 1192 1170 occurrit
1218 1145 1273 1181 ep.
1291 1134 1373 1178 3‚3:
1411 1137 1432 1180 ἢ
1459 1138 1524 1170 σοῦ

118 1187 366 1233 διανοηθέντος
392 1192 563 1229 συνεῖπον,
590 1199 661 1235 quo
679 1189 805 1224 tamen
829 1187 908 1224 loco
925 1187 1034 1223 facile
1061 1187 1210 1223 auditur
1234 1186 1443 1223 infinitivus
1462 1187 1525 1235 qui

117 1240 316 1287 praecedit:
341 1243 517 1277 ποιεῖσθαι
541 1242 603 1287 τὴν
630 1243 815 1288 στρατείαν.

239 1323 246 1329 .
273 1322 279 1329 .
307 1322 314 1330 .
340 1296 478 1340 χρήσεις
503 1296 561 1330 καὶ
588 1296 765 1340 διαγωγάς
790 1323 797 1331 .
824 1323 831 1330 .
858 1323 865 1330 .
893 1296 1069 1340 διαγωγάς
1094 1306 1223 1330 vocem
1248 1294 1318 1330 hoc
1344 1306 1418 1330 uno
1444 1294 1523 1330 loco

116 1348 332 1394 scriptorum
357 1348 619 1385 Isocrateorum
647 1348 716 1393 legi
740 1348 881 1384 Keilius
906 1350 1005 1384 recte
1032 1348 1255 1384 observavit.

236 1402 277 1437 In
303 1414 377 1448 par.
396 1403 418 1437 3
444 1402 566 1438 verbis
591 1404 620 1437 εἶ
644 1403 694 1448 μὴ
721 1403 782 1448 τὴν
808 1403 1055 1448 ἀκριβεστάτην
1088 1407 1211 1447 πεῖραν
1238 1403 1342 1441 αὐτός
1366 1404 1401 1436 τ’
1428 1402 1522 1448 εἶχον

115 1456 222 1490 αὐτοῦ
249 1467 278 1491 e.
297 1467 328 1502 q.
348 1467 374 1491 s.
400 1467 529 1492 vocem
561 1460 684 1501 πεῖραν
716 1455 851 1491 iniuste
885 1455 1020 1491 habere
1054 1455 1249 1491 articulum
1282 1466 1357 1491 non
1393 1466 1522 1491 conce-

116 1509 234 1545 dimus
260 1508 448 1556 Gratiae.¹)
499 1509 579 1546 Etsi
615 1509 697 1546 aliis
730 1509 818 1546 locis
854 1511 895 1546 ut
920 1510 953 1555 6,
964 1510 996 1546 4.
1026 1510 1081 1554 11,
1092 1509 1149 1545 27.
1179 1509 1234 1554 12,
1245 1508 1318 1545 236
1344 1508 1521 1546 articulus

115 1562 229 1608 deest,
256 1566 383 1600 tamen
400 1563 469 1599 hoc
486 1564 564 1600 loco
582 1576 640 1600 res
658 1564 764 1600 aliter
781 1565 839 1599 est
861 1566 1072 1610 comparata
1090 1563 1314 1610 superlativo
1333 1565 1364 1598 ἀ.
1384 1562 1520 1600 addito.

114 1616 186 1653 Sed
212 1618 294 1654 tota
320 1617 429 1654 dictio
446 1622 569 1664 πεῖραν
586 1620 676 1664 ἔχειν
694 1618 741 1653 ab
758 1618 917 1654 Isocrate
936 1617 1057 1653 aliena
1075 1619 1147 1662 est;
1173 1616 1233 1652 ille
1252 1616 1350 1652 enim
1376 1627 1521 1663 semper

113 1669 249 1707 dixisse
274 1671 421 1707 videtur
454 1676 577 1717 πεῖραν
606 1673 796 1718 λαμβάνειν
823 1671 964 1707 collatis
997 1671 1085 1707 locis
1110 1671 1143 1716 6,
1154 1671 1185 1706 4.
1215 1671 1270 1716 11,
1281 1670 1338 1705 27.
1368 1670 1424 1715 12,
1436 1670 1518 1707 236.

112 1722 192 1759 Uno
219 1724 297 1760 1000
326 1725 369 1769 (3,
380 1725 438 1770 45)
458 1725 613 1760 occurrit
628 1739 664 1760 π.
684 1726 842 1761 ὃεὸόναιτ
869 1753 876 1760 .
895 1754 902 1761 .
920 1726 1122 1770 φανήσομαι
1138 1728 1260 1769 πεῖραν
1277 1728 1337 1769 τῆς
1363 1725 1518 1769 ἐμαυτοῦ

111 1779 255 1822 φύσεως
281 1779 460 1817 δεδωκώς.

193 1858 199 1864 .
233 1831 287 1867 De
312 1843 387 1878 par.
404 1832 429 1867 4
454 1832 546 1867 haec
572 1834 662 1867 sunt
687 1832 855 1868 dicenda:

304 1913 310 1921 .
338 1913 345 1921 .
371 1887 403 1921 εἰ
437 1886 487 1932 μὴ
526 1887 602 1921 λίαν
640 1888 691 1932 εἴη
730 1887 909 1932 φθονερός
935 1913 942 1921 .
969 1914 976 1922 .
1004 1914 1010 1922 .
1038 1914 1044 1921 .
1077 1885 1298 1922 adiectivum
1336 1886 1519 1931 φθονερὸς

110 1937 249 1975 frustra
274 1939 371 1987 apud
398 1939 596 1976 Isocratem
614 1951 781 1987 quaeras.
823 1940 865 1976 In
890 1940 975 1976 illus
1002 1941 1209 1976 orationum
1235 1950 1382 1986 corpore
1400 1939 1516 1976 tradi-

109 1993 170 2027 tur
195 2004 268 2029 uno
294 1992 384 2038 loco,
414 1994 469 2036 15,
482 1993 565 2038 302,
597 1993 812 2030 adverbium
835 1995 1026 2040 φθονερῶς
1052 2005 1135 2029 cum
1156 1995 1243 2039 ἔχειν
1269 1993 1516 2030 coniunctum.

232 2074 239 2081 .
265 2074 272 2082 .
300 2074 306 2082 .
333 2047 417 2082 εἶναι
453 2048 511 2082 καὶ
548 2049 741 2093 χρημάτων
779 2049 1057 2093 ε’γκρατέστατονῖ
1099 2047 1296 2082 Isocratem
1334 2046 1516 2083 adiectivo

108 2099 200 2144 ἑγκρ.
226 2099 327 2135 nullo
353 2099 431 2136 loco
456 2100 511 2136 ita
535 2102 578 2135 ut
602 2100 671 2136 hoc
696 2112 806 2140 usum
824 2113 906 2137 esse
933 2100 1064 2137 docent
1090 2100 1292 2146 comparati
1316 2099 1386 2135 loci
1412 2100 1446 2145 6,
1458 2100 1514 2136 45.

226 2197 247 2233 1)
268 2197 302 2225 In
323 2206 391 2235 par.
406 2196 426 2225 3
446 2196 580 2226 dictione
601 2195 675 2225 ὥστε
694 2195 874 2228 τελειότατος
894 2195 968 2226 εἶναι
981 2197 1091 2226 iniuria
1112 2196 1215 2225 haesit
1235 2196 1353 2227 Gratia.
1395 2196 1515 2226 Simini-

107 2247 175 2268 mus
196 2244 301 2269 autem
323 2242 371 2269 est
392 2250 435 2271 or.
452 2240 496 2276 12,
508 2240 559 2270 32:
581 2240 646 2271 τοὺς
666 2238 697 2269 δὲ
716 2241 757 2278 μὴ
777 2240 869 2278 μόνον
887 2241 961 2280 πρὸς
980 2240 1010 2269 ἓν
1029 2239 1137 2268 τούτων
1151 2238 1225 2268 ἀλλὰ
1240 2240 1377 2278 καὶπρὸς
1396 2239 1515 2268 ἅπαντα

106 2283 198 2310 ταῦτα
217 2283 271 2318 τὴν
290 2282 351 2318 ἕξιν
369 2286 420 2320 τῆς
439 2286 529 2322 ψυχῆς
555 2283 733 2322 εὐάρμοστον
752 2285 869 2321 ἔχοντας
893 2284 1008 2314 τούτους
1028 2285 1101 2320 φημὶ
1121 2285 1171 2311 καὶ
1192 2284 1348 2322 φρονίμους
1371 2282 1444 2312 εἶναι
1464 2286 1515 2311 καὶ

106 2323 227 2357 τελείους
247 2325 355 2366 ἄνδρας
373 2330 423 2356 καὶ
443 2326 539 2358 πάσας
558 2327 631 2363 ἔχειν
649 2327 703 2359 τοῖς
722 2327 836 2366 ἀρετάς.
879 2329 945 2365 Quo
967 2337 1036 2358 cum
1050 2328 1129 2363 loco,
1152 2328 1204 2366 qui
1225 2328 1310 2358 illum
1330 2327 1421 2365 fugit,
1443 2337 1514 2357 cum

108 2372 337 2408 comparaveris
364 2372 515 2409 epistulae
535 2372 631 2401 verba
657 2368 738 2403 οὗτος
762 2370 880 2403 ὃόὕτως
899 2372 1075 2410 εὐάρμοστον
1101 2371 1155 2408 τὴν
1175 2371 1260 2409 φύσιν
1280 2372 1394 2408 {bx-qaeu
1414 2370 1514 2400 ὥστ’ἐν

106 2411 201 2442 ἅπασι
220 2415 280 2445 τοῖς·
300 2412 458 2454 εἰρημένοις
476 2413 655 2446 τελειότατος
674 2414 755 2452 εἶναι,
776 2417 870 2446 facile
890 2416 979 2446 nobis
997 2416 1149 2446 concedes
1163 2416 1248 2446 illum
1268 2416 1371 2445 locum
1391 2416 1514 2445 auctori

106 2457 258 2494 epistulae
279 2462 354 2489 ante
374 2460 482 2490 oculos
501 2462 660 2489 versatum
681 2469 758 2491 esse.
798 2460 845 2491 Ac
858 2460 1032 2490 memoratu
1046 2459 1172 2498 dignum
1187 2462 1236 2490 est
1249 2460 1289 2495 id,
1311 2460 1394 2498 quod
1415 2459 1512 2496 ἐοχηκε

105 2498 207 2531 forma.
226 2503 258 2533 in
278 2504 470 2534 orationibus
490 2513 553 2534 non
573 2504 694 2542 legitur.
