1770 2749
736 587 925 660 Vita.

247 750 420 787 Heinrich
446 750 596 787 Oswald
618 750 705 787 Gurt
720 751 855 799 Woyte
880 753 992 788 natus
1018 764 1100 788 sum
1125 752 1163 788 in
1189 752 1319 800 oppido
1338 751 1528 788 Glauchau

133 806 191 842 die
215 803 301 840 XIV
325 804 463 840 mensis
488 803 705 840 Novembris
730 806 818 840 anni
845 804 938 841 1879
963 806 1068 852 patre
1086 804 1246 850 Oswald,
1272 806 1390 842 matre
1407 806 1531 851 Agnes

131 870 153 895 e
177 858 288 903 gente
304 856 518 903 Hoffmann,
546 869 638 905 quos
663 857 791 894 ambos
816 858 942 895 vivere
967 858 1093 895 laetor.
1128 858 1230 895 Fidei
1255 858 1423 895 addictus
1449 871 1531 895 sum

131 909 375 957 evangelicae.
417 910 572 958 Lipsiae,
599 923 671 958 quo
696 914 867 958 parentes
884 912 993 959 paulo
1010 914 1097 959 post
1120 913 1380 958 migraverunt,
1407 912 1530 959 primis

130 964 336 1000 litterarum
369 964 559 1000 elementis
592 964 756 1000 imbutus
790 964 863 1000 adii
889 976 986 1001 anno
1012 964 1105 1001 1890
1130 965 1361 1013 gymnasium
1391 965 1531 1010 regium

129 1015 328 1065 Lipsiense‚
364 1016 461 1065 quod
495 1018 576 1053 tum
608 1017 766 1054 Richard
789 1018 939 1054 Richter
970 1020 1109 1055 rectore
1135 1018 1301 1055 florebat.
1352 1018 1419 1054 Oui
1450 1018 1529 1053 viro

130 1070 341 1108 doctissimo
384 1072 422 1107 et
457 1071 721 1107 humanissimo
760 1071 848 1119 quid
889 1071 1054 1117 debeam,
1095 1083 1286 1119 nunquam
1328 1071 1530 1107 obliviscar.

101 1156 104 1157 γ
130 1123 226 1160 Vere
252 1124 341 1160 anni
369 1124 462 1161 1899
495 1124 706 1161 testimonio
740 1125 966 1161 maturitatis
999 1126 1202 1161 instructus
1234 1124 1380 1173 Lipsiae
1412 1124 1530 1172 philo-

130 1176 249 1224 logiae
286 1177 417 1214 studiis
450 1178 658 1215 incumbere
694 1180 804 1225 coepi.
862 1178 1074 1215 Docuerunt
1110 1190 1169 1214 me
1206 1179 1276 1214 viri
1313 1178 1530 1214 doctissimi:

128 1229 264 1277 Berger
273 1231 332 1279 (†),
353 1231 595 1268 Biedermann
608 1231 666 1279 (†)‚
684 1231 1020 1277 BirchHirschield,
1037 1231 1243 1278 Duchesne,
1258 1226 1528 1273 Gardthausen,

129 1283 301 1333 Gregory,
334 1285 484 1331 Heinze‚
519 1284 719 1332 Hofmann,
754 1285 855 1331 Holz,
893 1285 1075 1332 Immisch,
1106 1285 1329 1331 Jungmann,
1364 1285 1528 1328 Koester,

129 1336 357 1387 Lamprecht,
383 1339 540 1387 Lipsius,
558 1339 716 1384 Martini,
739 1339 854 1385 Marx,
877 1339 1036 1375 Richard
1052 1339 1201 1374 Richter
1210 1338 1269 1386 (†),
1296 1338 1528 1383 Studm'czka,

128 1391 289 1438 Volkelt,
315 1392 632 1440 Wachsmuthffi,
657 1391 801 1438 Weule,
827 1391 978 1428 Wundt.

244 1446 503 1482 Proseminarii
527 1446 700 1494 philologi
724 1458 789 1494 per
812 1447 870 1482 ter
895 1458 962 1482 sex
987 1457 1133 1482 menses
1159 1444 1294 1482 sodalis
1318 1445 1387 1490 fui3
1420 1445 1528 1481 semi-

128 1500 272 1536 narium
296 1499 519 1547 philologum
553 1500 703 1546 regium,
739 1499 843 1535 cuius
876 1499 1019 1535 aditum
1043 1498 1198 1546 Lipsius,
1232 1498 1346 1544 Marx,
1372 1498 1528 1534 Wachs-

128 1552 235 1589 muth
255 1552 516 1598 benignissime
541 1552 631 1589 mihi
654 1553 920 1601 patefecerunt
945 1564 1011 1600 per
1034 1555 1092 1589 ter
1116 1564 1183 1588 sex
1215 1564 1359 1588 menses
1394 1551 1528 1588 sodalis

128 1605 331 1643 ordinarius
344 1606 588 1654 frequentavi.
615 1607 810 1643 Societatis
824 1607 1054 1653 antiquariae
1066 1606 1262 1653 Lipsianae
1274 1617 1338 1652 per
1354 1607 1528 1641 semestre

127 1659 291 1706 spatium
325 1659 461 1695 sodalis
494 1659 558 1696 sui.
616 1659 960 1704 Exercitationibus,
1005 1670 1098 1706 quas
1131 1658 1237 1694 Birch
1253 1657 1457 1694 Hirschfeld
1492 1661 1529 1693 et

127 1712 322 1748 Duchesne
347 1713 387 1748 in
412 1713 608 1749 seminario
633 1712 904 1759 Francogallico
930 1713 1180 1758 instituerunt,
1206 1723 1269 1759 per
1293 1723 1360 1747 sex
1383 1723 1527 1747 menses

127 1766 287 1803 interfui.
336 1766 407 1802 Per
431 1767 592 1814 quinque
626 1767 818 1803 semestria
852 1767 973 1803 senior
997 1765 1052 1802 fui
1086 1765 1268 1802 seminarii
1293 1765 1527 1812 paedagogici

127 1819 300 1866 auspiciis
327 1831 385 1855 vv.
411 1819 468 1855 dd.
493 1819 642 1856 Richter
656 1819 703 1868 (†)
730 1822 769 1856 et
792 1819 1013 1865 Jungmann.
1064 1819 1202 1865 Quibus
1236 1819 1323 1855 viris
1357 1817 1525 1855 omnibus

127 1873 264 1921 optime
290 1873 335 1909 de
361 1884 419 1910 me
445 1873 583 1910 meritis
609 1874 806 1911 maximam
825 1874 983 1920 gratiam
999 1873 1119 1910 habeo
1145 1884 1356 1921 semperque
1372 1872 1527 1908 habebo.

129 1926 295 1972 Quantas
321 1929 448 1963 autem
464 1928 603 1973 gratias
621 1928 776 1964 debeam
801 1939 885 1963 cum
901 1928 1137 1973 Jungmanno
1165 1929 1203 1963 et
1218 1926 1421 1962 Immischio
1447 1927 1527 1961 tum

126 1978 259 2027 Lipsio,
284 1980 347 2027 qui
371 1981 442 2016 hac
467 1992 612 2028 quoque
636 1981 675 2016 in
701 1980 959 2017 dissertatione
985 1979 1244 2017 conscribenda
1268 1979 1526 2025 benignissime

127 2045 185 2071 me
211 2033 364 2081 adiuvit,
391 2035 513 2071 verbis
539 2035 656 2072 dicere
682 2035 746 2072 vix
770 2046 930 2082 possum.

241 2087 369 2124 Mense
402 2088 578 2124 Januario
614 2089 702 2124 anni
736 2089 829 2125 1903
866 2089 1034 2125 examine
1068 2099 1132 2135 pro
1169 2086 1344 2123 facultate
1376 2085 1527 2122 docendi

126 2142 300 2188 superato
325 2141 410 2177 inde
436 2153 460 2178 a
485 2153 612 2179 mense
638 2141 753 2190 Aprili
782 2142 861 2179 eius
898 2142 986 2178 anni
1019 2141 1150 2187 fungor
1182 2151 1330 2176 munere
1363 2140 1528 2185 magistri

125 2195 164 2231 in
189 2194 322 2231 Schola
346 2195 578 2233 Nicolaitana
605 2196 794 2244 Lipsiensi,
822 2207 917 2243 quae
943 2195 1133 2232 Kaemmel
1157 2196 1294 2231 rectore
1319 2193 1436 2230 floret.
