1770 2749
730 100 975 136 —40ss

145 199 183 232 et
209 198 242 242 4,
254 198 286 232 9.
338 197 491 233 Prorsus
527 199 653 233 autem
689 197 812 232 aliena
844 197 892 233 ab
918 197 1088 233 Isocratis
1115 208 1283 232 sermone
1309 196 1477 243 putanda
1503 199 1560 233 est

146 251 380 296 constructio,
416 250 536 297 qualis
570 250 609 285 in
644 262 698 297 ep.
717 250 739 285 9
766 251 930 287 occurrit.
981 250 1080 286 Usus
1114 250 1216 286 verbi
1242 252 1316 286 ἔνθ.
1343 250 1404 297 qui
1431 251 1489 286 est
1521 250 1560 285 in

145 303 295 351 reliquis
322 303 500 351 epistulis
529 304 576 339 ab
594 303 780 340 Isocrateo
798 303 874 340 fere
900 315 975 340 non
992 303 1138 340 recedIt.
1172 303 1267 339 Nam
1285 305 1329 339 ut
1346 303 1560 340 omittamus

146 357 302 393 verbum
337 357 427 393 illud
453 359 600 404 praeter
626 369 680 405 ep.
699 357 767 403 9‚8
798 369 871 393 non
907 358 979 393 nisi
1003 357 1042 393 in
1068 357 1186 393 tribus
1220 356 1386 404 epistulis
1412 358 1456 402 (8.
1475 357 1506 393 7.
1525 358 1559 402 2)

144 410 266 446 adhuc
291 423 315 447 a
339 411 440 447 nullo
474 411 514 446 in
548 410 701 447 dubium
726 412 869 447 vocatis
904 423 1102 457 occurrere,
1142 411 1199 447 bis
1235 410 1403 447 absolute
1441 414 1479 447 et
1503 413 1560 446 ter

144 476 227 500 cum
251 464 423 510 genetivo
451 464 689 501 coniunctum
714 464 856 510 legitur.

265 523 316 564 τῷ
343 545 523 555 ......
549 520 671 564 τρόπῳ
696 523 748 564 τῷ
772 523 844 554 τῶν
874 520 1070 564 βαρβάρων
1096 520 1323 564 χρωμένουςε
1358 518 1455 565 apud
1480 518 1558 553 Iso-

143 573 282 606 cratem
308 583 494 618 nusquam
519 572 641 617 τρόπῳ
667 573 821 617 χρῆσθαι
847 571 996 617 legitur3
1026 572 1115 617 15,ss
1143 572 1312 607 occurrit:
1338 572 1398 607 τὸν
1427 572 1558 616 τρόπον

142 627 183 660 ὃν
209 627 292 671 ἔχω.

261 680 476 724 δυσπραξίας
502 680 616 717 οὕτως
641 680 797 724 αἰσχρῶς
821 679 881 713 καὶ
908 680 1030 718 δεινῶς
1057 680 1314 725 διατιθεμένηςῑ
1342 678 1558 715 adverbium

142 733 266 771 δεινῶς
291 732 330 767 in
357 732 586 768 orationibus
611 731 710 767 illius
737 743 812 767 non
837 732 1035 768 invenitur.

265 785 344 820 Par.
366 785 425 820 10:
462 813 468 820 .
496 812 503 820 .
531 814 538 821 .
565 789 731 830 γυναῖκας
764 787 972 831 ὑβρίζοντες,
1007 787 1067 820 καὶ
1096 786 1158 825 τὰς
1191 787 1256 831 μὲν
1283 787 1557 831 εὐπρεπεστάτας

140 840 426 885 καταισχύνοντες
452 866 459 874 .
487 869 494 875 .
523 868 531 875 .
557 867 564 874 .
591 839 825 874 Adiectivum
849 840 1035 885 εὐπρεπής,
1062 839 1160 886 quod
1190 840 1327 884 12,267
1347 839 1391 875 de
1418 839 1555 884 morbo,

140 904 212 938 quo
226 893 405 928 Isocrates
423 892 628 937 laborabat,
657 892 798 936 dicitur,
825 892 885 927 hic
902 893 946 927 de
964 892 1185 928 feminarum
1202 894 1319 928 forma
1337 895 1556 940 usurpatum

140 947 274 981 exstat.
340 945 409 990 Qui
451 957 542 981 usus
585 946 793 982 rarissimus
837 947 895 981 est
934 945 1032 992 apud
1072 948 1252 992 oratores3
1295 945 1392 994 apud
1437 946 1556 982 solum

139 999 428 1035 Demosthenem
454 1011 526 1035 uno
553 1000 630 1035 loco
661 1001 716 1045 19⁷
732 999 800 1035 196
826 999 1015 1035 invenitur
1040 1000 1076 1035 id
1105 999 1337 1035 adiectivum.
1389 1000 1555 1036 Priorum

138 1055 345 1099 temporum
370 1055 576 1088 auctorum
614 1052 823 1099 Xenophon
861 1053 917 1088 bis
944 1053 1060 1096 (Mem.
1079 1053 1227 1099 2‚1,22.
1266 1053 1385 1089 Anab.
1404 1054 1438 1099 4,
1453 1054 1483 1098 1,
1498 1053 1553 1097 14)

141 1105 325 1142 simillime
353 1109 465 1153 atque
491 1107 530 1142 in
564 1106 724 1153 epistula
750 1109 808 1143 est
833 1105 1049 1152 adhibitum,
1082 1106 1120 1143 id
1146 1107 1349 1155 usurpavit.
1399 1107 1555 1154 Saepius

139 1162 265 1195 autem
292 1161 449 1195 occurrit
467 1159 565 1206 apud
580 1160 868 1206 Aristophanem
886 1162 924 1195 et
942 1160 1057 1196 semel
1073 1161 1113 1195 in
1131 1161 1296 1195 oratione
1315 1160 1555 1196 Demostheni

138 1212 234 1249 falso
262 1213 443 1249 attributa
471 1213 539 1258 (40,
549 1213 617 1258 27).
668 1213 777 1260 Apud
803 1213 964 1260 reliquos
999 1213 1186 1261 prosaicos
1213 1214 1346 1250 atticos
1373 1214 1418 1250 de
1444 1213 1553 1250 rebus

139 1266 210 1302 dici
235 1266 305 1302 hoc
330 1266 554 1302 adiectivum
580 1268 770 1302 testantur
795 1267 1007 1312 Stephanus
1034 1270 1071 1303 et
1096 1267 1244 1314 Papius.
1405 1284 1409 1288 ·

263 1318 427 1355 Verbum
464 1321 704 1365 καταισχύνειν
739 1320 809 1355 hoc
846 1319 925 1355 loco
965 1319 1012 1355 ad
1050 1331 1227 1366 personas
1264 1319 1429 1365 refertur,
1469 1331 1552 1356 cum

137 1373 287 1420 reliquis
313 1372 402 1409 locis
430 1373 474 1409 de
501 1373 610 1409 rebus
629 1372 782 1418 dicatur⁷
811 1373 914 1409 velut
940 1373 1135 1417 4‚97.152.
1162 1375 1196 1418 6,
1208 1374 1356 1410 93.110.
1384 1374 1551 1418 7‚76.83.

261 1430 304 1466 ἃς
336 1429 508 1473 πρότερον
534 1428 619 1462 οὐδὲ
652 1429 923 1473 κεκοσμημένας
953 1428 997 1473 ἦν
1022 1429 1119 1463 weh:
1158 1427 1312 1463 verbum
1337 1433 1481 1474 κοσμεῖν
1506 1427 1551 1463 de

136 1481 303 1528 personis
338 1483 557 1528 usurpatum
591 1480 690 1527 apud
716 1481 913 1517 Isocratem
949 1492 1023 1517 non
1057 1480 1190 1527 legitur
1216 1482 1436 1528 comparatis
1462 1481 1551 1518 locis

136 1535 170 1579 9,
183 1535 239 1570 76.
267 1535 367 1578 7,66.
398 1535 547 1579 15,234.
573 1536 606 1580 5,
619 1535 676 1570 27.

254 1588 335 1623 Par.
357 1589 419 1623 12:
459 1616 466 1623 .
494 1617 500 1623 .
529 1616 536 1623 .
561 1589 658 1634 παρὰ
692 1589 732 1623 τὸ
768 1593 952 1634 προσῆκον
977 1590 1161 1627 ἐπαινέσας
1192 1589 1420 1634 χαρίσασθαιῑ
1454 1590 1550 1635 παρὰ

135 1642 175 1677 τὸ
200 1647 384 1688 προσῆκον
418 1641 528 1678 dictio
567 1642 616 1678 ab
642 1642 814 1678 Isocratis
851 1653 1020 1677 sermone
1055 1642 1177 1677 aliena
1211 1644 1278 1677 est.
1330 1642 1549 1689 Saepissime

136 1697 265 1731 autem
282 1695 382 1742 apud
400 1706 485 1730 eum
502 1695 636 1740 legitur
660 1696 757 1741 παρὰ
783 1696 822 1730 τὸ
850 1696 995 1735 δίκαιον,
1027 1697 1070 1730 ut
1096 1695 1129 1740 6,
1141 1695 1197 1731 28.
1207 1696 1264 1731 55.
1276 1695 1331 1731 70.
1342 1696 1398 1731 88.
1409 1696 1456 1730 94
1483 1698 1549 1732 etc.

254 1748 334 1784 Par.
356 1749 414 1784 13:
440 1750 479 1784 τὸ
504 1750 571 1794 μὲν
597 1749 661 1784 οὗν
680 1749 767 1794 ἐμὸν
785 1750 899 1787 οὕτως
924 1750 1007 1794 ἔχον
1033 1750 1120 1784 ἐστίν
1138 1777 1145 1784 .
1164 1776 1171 1784 .
1191 1778 1197 1784 .
1214 1748 1308 1785 haec
1333 1751 1415 1785 tota
1441 1749 1549 1786 dictio

136 1814 211 1838 non
242 1802 429 1838 Isocratea
463 1804 529 1838 est.
580 1802 676 1838 Nam
715 1802 939 1847 singularem
976 1813 1169 1838 numerum
1206 1803 1431 1850 pronominis
1465 1803 1550 1849 ἐμὸς

136 1855 374 1891 substantive
408 1856 578 1903 usurpati
611 1857 649 1892 in
684 1855 913 1891 orationibus
950 1855 1085 1892 frustra
1119 1856 1361 1904 quaesiveris;
1399 1857 1549 1904 pluralis

134 1921 311 1945 numerus
338 1910 493 1945 occurrit
531 1910 587 1954 19,
598 1911 655 1945 34.
682 1910 716 1954 3,
727 1910 784 1945 49.
799 1910 855 1944 51.
894 1909 949 1953 15,
960 1910 1016 1945 74.
1027 1910 1083 1945 88.
1110 1911 1143 1949 5,
1155 1910 1212 1946 83.
1223 1910 1279 1945 94.
1309 1910 1548 1954 12,137.155.

135 1963 217 1999 206.
268 1962 368 1998 Idem
395 1975 486 1998 usus
511 1962 691 2010 reperitur
723 1963 762 1998 in
788 1973 862 2009 par.
883 1963 927 1998 18
958 1962 1067 1998 huius
1094 1963 1288 2011 epistulae:
1322 1964 1361 1999 τὸ
1394 1965 1460 2010 μὲν
1485 1964 1550 2000 οὖν

134 2018 222 2063 ε’μὸν
261 2018 399 2052 ἔλαττόν
437 2018 535 2057 ἔστιν,
563 2046 570 2053 .
597 2046 604 2053 .
632 2045 639 2052 .
666 2018 722 2052 σοὶ
757 2017 795 2051 δὲ
828 2019 1006 2063 προσήκει.
1059 2018 1138 2062 Quo
1173 2018 1252 2054 loco
1289 2018 1328 2053 τὸ
1360 2018 1448 2064 ἐμὸν
1472 2017 1548 2054 fere

133 2070 232 2106 idem
259 2071 362 2106 valet
388 2082 431 2105 ac
456 2071 496 2105 τὸ
522 2071 610 2115 ἐμὸν
636 2072 748 2115 ἔργον.
798 2070 839 2105 In
874 2071 1100 2106 orationibus
1127 2073 1251 2106 autem
1277 2071 1346 2106 hoc
1372 2071 1548 2107 substan-

132 2124 253 2161 tivum
280 2123 440 2168 additur,
468 2126 510 2160 ut
536 2124 569 2169 9,
581 2123 629 2159 80
655 2124 741 2169 ἐμὸν
768 2123 831 2159 οὗν
849 2125 874 2161 ἔ.
901 2152 908 2160 .
935 2151 952 2166 .‚
979 2126 1033 2161 σοὶ
1060 2126 1098 2161 δὲ
1122 2126 1299 2172 προςήκει.
1317 2125 1350 2170 4,
1362 2125 1419 2161 98.
1444 2125 1479 2171 8,
1491 2124 1547 2161 39.

252 2178 451 2214 Praeterea
490 2180 572 2223 ἔχον
607 2179 696 2213 ἐστὶν
735 2178 833 2224 apud
866 2179 1064 2215 Isocratem
1102 2190 1177 2215 non
1215 2179 1439 2225 invenimus;
1481 2178 1548 2215 sed

130 2243 278 2279 semper
304 2231 457 2267 adhibet
481 2231 542 2266 ille
569 2231 722 2266 verbum
757 2231 911 2277 simplex
937 2234 1036 2278 ἔχειν,
1064 2233 1107 2267 ut
1132 2231 1351 2278 4‚119.163.
1378 2232 1412 2277 6,
1422 2232 1479 2267 25.
1489 2232 1546 2267 86.

129 2286 167 2331 8,
179 2285 236 2322 28.
266 2286 321 2332 15,
333 2285 390 2322 52.
403 2284 575 2322 130218.
587 2284 759 2321 283.313.
787 2285 820 2331 5,
832 2285 887 2322 96.
918 2286 1056 2332 12‚134
1082 2288 1119 2322 αἱ
1142 2287 1207 2333 μὲν
1234 2286 1297 2322 οὗν
1323 2287 1444 2333 φύσεις
1470 2315 1476 2323 .
1504 2315 1510 2321 .
1538 2314 1545 2322 .

131 2340 204 2375 nisi
230 2342 345 2379 οὕτως
370 2342 519 2385 ἔχουσιν.
547 2339 628 2374 219.
656 2338 758 2374 alias.
1541 2386 1543 2388 Ι

250 2393 330 2429 Par.
353 2394 412 2428 17:
452 2392 564 2428 dictio
589 2393 650 2431 τὰς
675 2394 819 2438 πράξεις
846 2395 1004 2429 ἐπιτελεῖν
1030 2395 1176 2441 praeter
1201 2394 1299 2429 hunc
1324 2393 1444 2430 locum
1471 2404 1544 2429 non

134 2447 205 2483 nisi
232 2459 284 2495 ep.
304 2448 362 2493 Le
391 2449 526 2484 exstat.
