1770 2749
172 327 240 361 ἔστι
274 325 313 360 δὲ
345 324 436 369 πρὸς
467 324 533 369 μὲν
563 324 647 358 ἄλλο
671 338 702 359 τι
725 329 797 359 τῶν

124 381 236 414 ὄντων
261 378 446 422 ἀπλήστως
471 379 561 422 ἔχειν
586 379 628 419 οὗ
654 378 771 412 καλὸν.

172 487 204 521 5.
230 486 319 530 ἡγοῦ
354 484 393 519 δὲ
417 484 495 519 τόθ’
522 485 610 525 ἕξειν
644 485 794 530 ἀνυπέρ-

122 540 248 586 βλητον
273 538 381 582 αὐτὴν
406 538 466 572 καὶ
481 541 552 572 τῶν
569 539 623 573 σοὶ
639 552 794 584 πεπραγ-

121 594 242 638 μένων
267 592 377 631 ἀξίαν,
404 592 487 626 ὅταν
510 591 592 630 τοὺς
616 592 682 637 μὲν
706 593 794 638 βαρ-

122 647 255 692 βάρους
281 646 482 690 ἀναγκάσῃς
507 646 705 680 εἶλωτεύειν.

169 756 275 786 ταῦτα
314 752 352 786 δὲ
389 753 673 797 κατεργάσασθαι
706 753 795 787 πολὺ

123 806 211 851 ῥᾷόν
248 806 335 840 ἔστιν
374 806 414 840 ἐκ
446 809 518 840 τῶν
550 806 738 850 παρόντων
773 809 794 852 ἢ

121 859 307 904 προελθεῖν
332 859 388 893 ἐπὶ
411 858 474 903 τὴν
491 859 641 904 δύναμιν
657 860 716 893 καὶ
732 860 795 905 τὴν

123 913 239 953 δόξαν,
273 914 317 958 ἢν
347 916 409 947 νῦν
443 914 540 958 ἔχεις,
575 914 614 948 ἐκ
643 917 704 959 τῆς
728 915 793 959 βα-

122 967 245 1004 σιλείας
277 970 338 1010 τῆς
371 967 409 1005 ἒξ
439 967 549 1011 ἀρχῆς
573 967 656 1010 ὑμῖν
680 968 792 1011 ῦπαρ-

122 1020 238 1065 ξάσης.

171 1124 202 1160 6.
229 1126 266 1160 ἔν
298 1139 334 1159 τε
365 1129 417 1170 τῷ
442 1130 671 1171 πανηγυρικῷ
696 1127 791 1171 λόγῳ

121 1179 179 1214 καὶ
203 1183 254 1224 τῷ
279 1179 369 1225 πρὸς
394 1180 432 1215 σὲ
456 1181 661 1226 πεμφθέντι.

805 114 949 147 17-

906 212 940 255 5,
958 212 1026 246 113
1051 211 1270 256 παρακαλῶν
1295 211 1350 245 ἐπὶ
1374 211 1532 249 τοιαύτας

856 267 1006 311 πράξεις.

905 319 939 364 5,
957 319 1026 355 135
1050 319 1131 358 τοὺς
1149 319 1187 354 δὲ
1204 318 1295 364 πρὸς
1312 318 1396 353 ἄλλο
1412 332 1442 352 τι
1458 321 1530 353 τῶν

856 375 969 408 ὄντων
977 375 1163 418 ἀπλήστως
1173 373 1414 417 διακειμένους
1423 372 1531 416 ἀκρα-

855 428 1034 472 τεστέρους
1060 455 1067 461 .
1095 455 1102 461 .
1130 455 1137 461 .
1165 427 1292 461 δοκεῖν.

905 481 938 526 5,
955 479 1001 515 79
1026 481 1101 515 τότε
1126 481 1279 526 νομίζειν
1303 479 1415 525 καλὴν
1441 480 1531 524 ἔχειν

855 535 914 569 καὶ
925 535 1081 580 μεγάλην
1097 535 1159 579 τὴν
1178 535 1286 574 δόξαν
1302 534 1362 568 καὶ
1373 534 1530 577 πρέπου-

855 601 919 623 σαν
952 589 1011 622 καὶ
1044 589 1099 623 σοὶ
1136 588 1195 622 καὶ
1231 591 1303 625 τοῖς
1339 586 1532 631 προγόνοις

854 642 913 676 καὶ
950 646 1021 680 τοῖς
1058 643 1223 686 ὑφ’ὗμῶν
1260 641 1529 685 πεπραγμένοις,

855 695 937 730 ὅταν
970 696 1062 730 οὕτω
1099 696 1226 740 ὂιαθῇς
1249 694 1330 732 τοὺς
1350 693 1528 738 Ἕλληνας.

903 748 1023 793 5,115
1059 749 1147 793 ῥᾷον
1181 749 1249 793 γάρ
1280 749 1368 782 ἔστιν
1393 748 1433 781 ἔκ
1458 750 1530 781 τῶν

854 802 1040 847 παρόντων
1056 802 1252 846 κτήσασθαι
1267 801 1330 846 τὴν
1346 801 1529 845 καλλίστην

853 856 943 900 ἤπερ
981 856 1018 895 ἐξ
1056 854 1108 889 ὧν
1146 855 1341 900 παρέλαβες
1378 855 1434 889 ἐπὶ
1466 854 1530 898 τὴν

853 912 916 944 νῦν
940 909 1169 954 ὑπάρχουσαν
1194 909 1387 953 προελθεῖν.

900 1069 934 1113 4,
950 1068 997 1103 26
1014 1069 1055 1102 τὰ
1070 1096 1077 1103 .
1089 1096 1113 1103 ..
1132 1070 1170 1108 ἒξ
1187 1070 1298 1113 ἀρχῆς
1314 1069 1525 1113 ὑπάρξαντα.

901 1121 933 1166 5,
948 1120 971 1155 9
997 1123 1034 1155 ἒν
1059 1125 1110 1166 τῷ
1135 1125 1366 1166 πανηγυρικῷ
1390 1121 1495 1166 λόγῳ.

901 1229 935 1271 5,
950 1229 997 1263 23
1031 1230 1242 1274 πεμφθῆναί
1274 1210 1328 1263 σοι
1360 1229 1421 1263 τὸν
1454 1229 1526 1273 λόγ.

851 1296 981 1317 τουτον.

238 1369 351 1405 Vides
375 1370 495 1415 igitur.
524 1382 634 1417 quam
661 1371 738 1406 veri
763 1371 812 1406 sit
837 1371 952 1406 simile
978 1370 1174 1417 epistulam
1199 1371 1347 1406 tertiam
1369 1368 1526 1406 fluxiss'e

120 1423 320 1459 maximam
344 1425 487 1470 partem
513 1435 560 1459 ex
586 1424 811 1459 orationibus
837 1425 969 1470 quarta
995 1426 1033 1459 et
1058 1424 1189 1470 quinta
1205 1423 1409 1459 IsocrateiS.
1453 1423 1526 1459 Sed

120 1476 193 1512 iam
218 1476 310 1512 haec
336 1476 496 1523 epistula
521 1479 579 1512 est
604 1476 793 1513 mittenda.
843 1477 1072 1513 Disseremus
1098 1478 1224 1512 autem
1249 1487 1348 1512 nunc
1374 1475 1418 1512 de

688 1560 870 1615 epistula
901 1560 956 1603 Ν.

236 1661 316 1697 Hac
341 1661 385 1697 de
411 1661 570 1708 epistula
595 1662 643 1698 ad
660 1663 897 1709 Antipatrum
922 1662 1011 1698 data
1035 1662 1210 1707 Blassius,
1236 1662 1388 1706 Keilius,
1407 1662 1524 1698 Wila-

119 1715 335 1760 mowitzius,
372 1714 501 1750 Gratia
534 1716 742 1752 accuratius
769 1717 931 1761 egerunt,
967 1727 1118 1762 quorum
1151 1715 1289 1761 primus
1314 1714 1415 1750 solus
1442 1726 1525 1751 eam

119 1769 316 1812 genuinam
343 1779 424 1804 esse
450 1770 585 1804 censet.
628 1768 701 1805 Sed
719 1780 801 1805 cum
819 1770 984 1805 nondum
1002 1769 1124 1805 omnia
1141 1770 1367 1814 argumenta,
1388 1768 1524 1815 quibus

118 1820 182 1856 illa
219 1821 267 1857 ab
305 1822 464 1857 Isocrate
502 1822 749 1858 abiudicanda
786 1825 853 1868 est,
892 1823 1037 1870 prolata
1074 1834 1154 1858 esse
1192 1821 1280 1857 mihi
1314 1821 1523 1866 videantur,

119 1875 372 1921 quaestionem
398 1874 545 1920 dignam
564 1887 646 1911 esse
664 1876 845 1923 existimo,
873 1888 968 1923 quae
986 1876 1118 1912 iterum
1135 1876 1327 1911 moveatur
1344 1876 1525 1912 sermonis

118 1929 309 1975 praecipue
334 1929 476 1964 ratione
501 1929 639 1965 habita.

234 1982 301 2018 Illa
327 1982 486 2029 epistula
511 1983 707 2030 Antipatro
733 1983 912 2020 Diodotus
939 1984 1088 2031 quidam
1114 1984 1263 2029 eiusque
1294 1982 1396 2018 filius
1422 1994 1524 2019 com-

118 2035 348 2072 mendantur.
409 2036 477 2072 Est
517 2036 627 2081 igitur
669 2037 982 2082 commendaticia,
1027 2040 1068 2073 ut
1110 2036 1266 2083 septima
1304 2039 1342 2072 et
1381 2039 1524 2073 octava.

119 2087 220 2131 Quae
245 2091 372 2125 tamen
396 2089 505 2125 valde
530 2090 626 2125 inter
651 2102 691 2126 se
717 2090 912 2136 differunt3
939 2102 1036 2136 nam,
1064 2101 1145 2126 cum
1169 2090 1208 2125 in
1233 2089 1292 2125 his
1319 2089 1462 2126 duabus
1480 2091 1524 2126 de

118 2142 286 2179 omnibus
312 2143 422 2180 rebus
450 2144 724 2180 accuratissime
751 2145 960 2192 expositum
985 2145 1044 2190 sit,
1071 2146 1113 2180 ut
1138 2143 1446 2181 Wilamowitzius
1464 2143 1524 2181 vel

117 2194 187 2231 hac
212 2197 258 2232 de
283 2208 398 2233 causa
423 2199 533 2243 neget
558 2209 621 2233 eas
639 2199 782 2245 spurias
801 2210 892 2244 esse,
912 2201 1044 2245 quarta
1061 2198 1221 2244 epistula
1237 2209 1374 2243 magna
1391 2199 1525 2234 obruta
1566 2203 1572 2206 ⁴

118 2250 176 2285 est
200 2250 416 2286 obscuritae.

237 2306 292 2342 Ac
324 2305 480 2352 primum
514 2305 659 2353 quidem
692 2306 872 2343 Diodotus
905 2307 975 2354 ille,
1014 2306 1077 2354 qui
1114 2305 1314 2354 discipulus
1352 2306 1524 2343 Isocratis

116 2358 304 2402 putandus
330 2361 426 2405 est,1)
460 2360 530 2395 hac
562 2360 641 2396 sola
666 2360 826 2407 epistula
851 2361 957 2397 nobis
983 2362 1040 2396 est
1063 2362 1186 2396 notus.
1237 2360 1365 2411 Neque
1391 2361 1525 2397 iniuria

234 2475 254 2512 1)
276 2476 315 2506 cf.
337 2485 384 2514 ep.
405 2476 454 2506 IV.
472 2476 536 2511 1,2.

173 2525 280 2557 Woyte.
1308 2526 1326 2555 2
