1770 2749
718 100 961 136 ..26-

132 208 252 244 neque
287 197 384 233 enim
419 197 616 245 quicquam
647 197 719 233 nisi
744 197 931 245 prooemia
956 198 1027 234 hae
1052 199 1128 234 tres
1155 197 1333 245 epistulae
1359 197 1547 244 praebent.

134 250 298 294 Quarum
314 252 432 298 prima
449 251 539 287 data
557 253 616 287 est
634 251 682 286 ad
699 251 918 298 Dionysium
936 253 1110 288 maiorem
1129 252 1413 299 Syracusanum,
1441 254 1550 287 sexta

133 304 180 339 ad
206 304 349 340 Iasonis
375 305 482 348 filios,
518 316 619 340 nona
645 305 693 340 ad
718 305 991 351 Archidamum,
1018 305 1390 341 Lacedaemoniorum
1416 316 1548 350 regem.

133 357 213 393 Has
240 358 421 403 genuinas
448 368 529 393 esse
548 357 715 393 Blassius
744 358 938 394 ostendere
965 358 1109 395 studuit
1134 369 1216 395 cum
1243 358 1325 394 aliis
1342 358 1451 394 rebus
1468 359 1550 394 tum

133 411 345 447 testimonio
364 411 535 457 quodam,
555 412 651 458 quod
670 413 793 447 inesse
810 413 975 458 putabat
987 414 1025 448 in
1042 425 1116 459 par.
1131 413 1177 447 13
1196 424 1249 458 ep.
1264 412 1311 447 30
1330 411 1548 456 Socraticae,

135 475 230 511 quae
257 464 461 511 Speusippo
488 464 671 500 tribuitur.
723 465 777 500 Ibi
803 467 929 501 autem
954 466 1047 502 haec
1072 466 1257 510 leguntur:

255 519 446 553 ἀπέσταλκε
474 520 513 553 δέ
538 532 593 553 σοι
618 520 732 563 λόγον,
768 520 809 553 ὃν
838 520 877 553 τὸ
910 520 976 564 μὲν
1006 523 1148 564 πρῶτον
1174 521 1324 564 ἔγραφεν
1356 518 1443 562 (cod.
1468 518 1549 553 Par.

136 574 241 616 -ψεν)
263 572 472 617 Ἀγησιλάῳ,
498 573 608 617 μικρὰ
637 573 674 607 δὲ
703 573 935 611 διασκευάσας
960 574 1105 618 ὕστερον
1122 573 1247 608 ἐπώλει
1274 572 1362 616 (Par.
1382 573 1420 607 δὲ
1437 573 1549 616 πάλιν)

134 629 185 670 τῷ
209 625 372 663 Σικελίας
407 627 569 671 τυράννῳ
596 627 778 671 Διονυσίῳ,
813 626 852 660 τὸ
888 627 926 660 ὃὲ
959 627 1071 671 τρίτον
1101 627 1141 660 τὰ
1166 627 1233 671 μὲν
1258 626 1410 671 ἀφελὼν,
1444 626 1485 660 τὰ
1512 626 1550 660 δὲ

134 679 303 723 προςῦεὶς
337 680 566 724 ἐμνήστευσεν
587 680 807 724 Ἀλεξάνδρῳ
841 683 891 724 τῷ
922 679 1092 724 Θετταλῷ,
1127 680 1166 714 τὸ
1202 680 1239 714 δὲ
1271 680 1463 714 τελευταῖον
1488 682 1551 714 νῦν

135 732 226 777 πρὸς
255 733 292 767 σὲ
319 733 492 778 γλίσχρως
518 733 623 768 αὐτὸν
648 734 878 778 ἑπηκόντισεν.

258 786 336 828 Quo
355 786 565 821 testimonio
579 786 745 821 Blassius
760 787 803 820 ut
815 785 897 820 illas
912 785 1090 832 epistulas
1105 786 1300 830 significari
1314 785 1549 826 demonstret,

136 850 199 884 pro
226 838 400 882 Agesilao
435 838 565 882 filium,
603 839 874 882 Archidamum,
911 841 948 874 et
977 850 1041 885 pro
1067 838 1278 874 Alexandro
1305 850 1378 883 eos,
1413 839 1476 884 qui
1500 837 1552 873 illi

135 891 330 927 interfecto
357 894 624 935 successerunt,
660 903 795 938 ponere
822 892 969 936 cogitur.
1020 891 1100 927 Hac
1126 895 1253 927 autem
1278 892 1316 927 in
1343 891 1552 927 coniectura

135 945 255 980 facere
290 956 365 980 non
400 956 612 992 possumus,
653 946 741 992 quin
775 945 827 980 illi
861 944 1135 990 adversemur.1)
1196 945 1297 989 Quae
1332 956 1442 992 quam
1475 956 1551 980 non

136 998 335 1044 probabilis
362 1001 472 1043 esset,
501 999 668 1034 Blassius
694 1000 772 1046 ipse
796 999 955 1035 sensisse
975 998 1132 1045 videtur,
1160 999 1247 1046 quia
1264 998 1405 1034 addidit
1421 999 1550 1034 verba:

140 1063 272 1098 „wenn
298 1052 401 1088 nicht
427 1053 507 1089 eine
534 1053 723 1089 verlorene
742 1053 923 1089 Zuschrift
948 1064 996 1089 an
1013 1052 1128 1089 <Iason
1155 1052 1271 1088 selbst
1292 1053 1452 1099 gemeint
1467 1053 1548 1088 ist.“

137 1107 190 1140 Ac
224 1106 381 1152 primum
418 1106 565 1152 quidem
599 1107 721 1151 agitur
753 1107 817 1142 illa
846 1107 1074 1153 paragrapho
1101 1118 1176 1142 non
1203 1106 1247 1142 de
1274 1106 1451 1152 epistulis,
1488 1105 1552 1141 sed

138 1159 182 1194 de
218 1159 457 1195 orationibus.
507 1159 635 1206 Neque
670 1160 811 1196 tollitur
842 1160 935 1195 haec
961 1159 1174 1205 difficultas,
1210 1160 1241 1195 si
1268 1171 1351 1195 cum
1376 1159 1518 1195 Blassio
1527 1161 1551 1204 2)

139 1212 364 1259 explicamus
399 1225 463 1248 eas
499 1214 683 1249 orationes
716 1214 817 1260 ipsas
853 1225 891 1249 re
917 1225 1007 1249 vera
1031 1213 1166 1249 missas
1192 1225 1284 1259 esse,
1319 1225 1439 1260 neque
1465 1224 1552 1249 vero

138 1268 240 1301 totas
266 1266 354 1301 iuris
381 1266 517 1313 publici
542 1266 664 1302 factas
685 1267 841 1314 illasque
860 1269 935 1302 tres
954 1266 1131 1313 epistulas
1150 1279 1231 1302 esse
1251 1266 1400 1302 exordia
1417 1279 1552 1303 earum.

139 1318 245 1362 Quod
258 1320 458 1355 Isocratem
472 1320 612 1366 fecisse,
629 1321 725 1367 quia,
740 1323 784 1356 ut
795 1320 911 1367 ipsius
926 1320 1046 1356 verbis
1060 1323 1155 1364 utar,
1178 1320 1256 1366 „die
1267 1320 1552 1365 Ermahnungen

139 1373 255 1408 schon
290 1373 529 1418 grosstenteils
565 1374 616 1409 im
641 1374 894 1421 Panegyrikus
920 1373 1090 1419 standen,
1125 1374 1311 1410 Isokrates
1337 1374 1426 1410 aber
1451 1374 1553 1409 seine

140 1426 271 1471 Scheu,
308 1427 387 1462 sich
421 1439 487 1463 vor
513 1427 622 1463 allem
648 1427 846 1463 Publikum
871 1428 909 1462 in
935 1427 1082 1473 grossem
1107 1427 1299 1463 Massstabe
1327 1440 1372 1463 zu
1397 1428 1552 1463 wieder-

138 1480 259 1524 holen,
287 1481 390 1515 nicht
416 1492 457 1516 so
483 1480 594 1516 leicht
620 1481 854 1517 iiberwand.“

260 1534 416 1570 Sextum
434 1537 559 1570 autem
579 1537 617 1570 et
634 1536 791 1582 primum
809 1534 958 1571 exordia
975 1546 1056 1570 esse
1071 1534 1249 1581 epistulas
1263 1536 1360 1570 certe
1375 1534 1554 1579 colligitur

140 1599 186 1622 ex
213 1588 265 1622 eis
291 1588 393 1634 ipsis:
420 1588 540 1634 1,1.2.
567 1588 678 1634 V1,4;
706 1589 750 1624 de
768 1589 951 1635 prooemio
969 1588 1028 1623 IX.
1054 1588 1106 1623 nil
1132 1588 1222 1623 certi
1247 1587 1317 1623 dici
1333 1589 1458 1634 potest
1482 1588 1554 1624 nisi

139 1641 177 1676 in
205 1652 246 1677 eo
272 1641 364 1677 nihil
389 1642 434 1677 de
462 1642 622 1689 epistula
647 1643 789 1690 exponi.
832 1642 959 1689 Neque
987 1653 1182 1689 possumus
1208 1641 1292 1678 inde
1311 1653 1394 1678 cum
1411 1641 1553 1678 Blassio

142 1695 288 1730 efficere
310 1697 497 1742 prooemia
515 1697 697 1742 quaedam
715 1697 795 1732 sola
813 1696 1005 1741 divulgata
1022 1707 1115 1740 esse,
1143 1696 1274 1742 quippe
1293 1707 1387 1742 quae
1405 1707 1553 1742 prorsus

141 1760 239 1783 nova
273 1750 412 1795 essent3
447 1761 544 1795 nam,
581 1750 650 1786 etsi
687 1749 835 1786 exordia
867 1750 920 1786 ita
955 1749 1157 1797 composita
1182 1749 1341 1797 speciem
1367 1748 1554 1796 quandam

142 1802 319 1837 novitatis
345 1815 433 1849 prae
460 1815 499 1839 se
521 1804 702 1848 ferebant,
729 1806 856 1839 tamen
875 1815 921 1839 ea
938 1804 1062 1839 omnia
1078 1803 1126 1839 ab
1145 1815 1187 1838 eo
1205 1804 1306 1838 edita
1324 1814 1405 1838 esse
1422 1804 1558 1838 mirum,

142 1858 242 1890 esset
277 1855 406 1890 eadem
440 1856 484 1890 de
520 1868 645 1902 causa,
681 1868 756 1903 qua
789 1857 894 1892 nisus
919 1857 1087 1892 Blassius
1123 1856 1306 1891 orationes
1340 1857 1439 1891 totas
1465 1856 1553 1891 iuris

142 1908 277 1956 publici
303 1920 384 1945 esse
409 1909 530 1946 factas
557 1912 678 1957 negat.
721 1910 817 1946 Nam
843 1922 888 1947 ex
913 1910 984 1947 illis
1009 1911 1106 1946 inter
1123 1922 1162 1946 se
1181 1910 1434 1957 comparatis³)
1462 1910 1553 1946 haec

141 1962 313 1998 facillime
339 1965 495 2009 perspici
520 1967 690 2009 possunt:
718 1966 749 2000 1.
777 1967 815 2000 et
840 1965 873 2000 9.
897 1965 1135 2010 epistularum
1162 1963 1348 2009 prooemia
1372 1964 1555 2009 tripertita

142 2017 241 2059 sunt,
270 2026 352 2051 cum
379 2016 410 2051 6.
437 2016 508 2052 hac
532 2028 570 2052 re
597 2017 706 2064 paulo
726 2017 884 2053 differat.
923 2017 1119 2053 Praeterea
1137 2015 1303 2062 singulae
1320 2017 1443 2063 partes
1460 2016 1555 2052 inter

142 2083 181 2106 se
218 2070 355 2106 similes
391 2073 489 2115 sunt,
525 2071 563 2106 in
597 2072 722 2118 primis
760 2073 775 2107 1
814 2074 852 2107 et
885 2071 908 2107 9
944 2071 1181 2108 exordiorum.
1232 2069 1282 2106 Ut
1310 2071 1339 2106 1.
1374 2071 1553 2117 epistulae

141 2125 246 2159 initio
274 2125 479 2170 exponitur,
513 2136 576 2159 cur
602 2126 729 2159 auctor
754 2136 829 2159 non
855 2125 932 2170 ipse
958 2125 1111 2167 venerit,
1145 2123 1209 2158 sed
1235 2123 1428 2169 epistulam
1454 2135 1553 2159 com—

141 2177 320 2224 posuerit,
365 2176 497 2213 deinde
532 2176 592 2212 ille
627 2188 666 2212 se
700 2188 776 2213 non
810 2178 900 2213 artis
935 2177 1118 2224 specimen
1152 2176 1324 2224 praebere
1358 2177 1397 2212 in
1431 2177 1553 2213 animo

141 2232 289 2276 habere,
325 2231 391 2267 sed
426 2231 618 2266 consilium
654 2232 769 2267 totius
797 2230 971 2266 Graeciae
1008 2230 1212 2266 servandae
1242 2231 1409 2277 explicat,
1444 2232 1554 2267 tertio

263 2330 281 2363 ¹)
305 2328 499 2357 Susemihlus
521 2327 540 2357 l.
557 2327 576 2356 1.
598 2336 667 2356 eam
689 2327 913 2365 comprobavit,
936 2336 1005 2356 cum
1027 2327 1154 2361 diceret:
1187 2327 1260 2361 „Die
1280 2327 1473 2365 Auffassung
1492 2336 1555 2357 von

143 2372 220 2402 Blass
243 2373 285 2402 ist
307 2381 390 2403 zwar
411 2371 567 2402 durchaus
588 2371 676 2402 nicht
695 2371 933 2407 unbedenklich‚
954 2371 1029 2401 aber
1050 2371 1130 2401 doch
1150 2371 1235 2401 wohl
1254 2371 1394 2409 richtig.¹‘

261 2417 282 2453 2)
304 2417 368 2446 Att.
390 2417 458 2446 Ber.
480 2416 615 2451 11⁹‚294.

261 2461 281 2498 ³)
304 2460 344 2491 cf.
367 2470 447 2499 quae
467 2460 606 2490 Blassius
628 2459 794 2490 adnotavit
814 2459 855 2489 ad
875 2459 952 2497 sing.
975 2459 1062 2498 epist.
1083 2460 1102 2490 l.
1123 2459 1143 2490 l.
