1770 2749
685 141 929 177 —35—

100 236 309 284 nonnullas,
343 249 478 285 parvas
504 237 649 289 quidem
674 250 794 286 neque
819 240 945 275 tamen
971 237 1229 284 neglegendas,
1256 237 1374 273 statui
1398 248 1505 283 posse

100 290 208 327 facile
242 291 348 327 nobis
385 292 569 328 concedes.
619 293 742 340 Atque
772 292 811 328 in
837 292 1002 328 oratione
1028 292 1149 338 quivis
1174 291 1283 327 facile
1308 290 1506 326 Isocratem

102 345 308 389 cognoseat.
365 345 407 380 In
444 356 518 392 par.
545 346 642 381 6111111
675 345 788 393 86188
823 345 989 381 adhibita
1027 347 1085 381 est
1122 344 1186 380 illa
1223 342 1506 389 argumentandi

101 397 207 444 ratio,
245 399 290 435 de
326 409 400 445 qua
423 398 498 434 iam
532 410 643 447 supra
668 401 711 446 (p.
732 399 787 445 14)
815 399 965 445 egimus,
1015 398 1220 446 Propositio
1256 398 1384 433 autem
1410 396 1508 433 inest

100 451 139 487 in
164 463 239 498 par.
256 452 322 488 86:
356 452 409 488 ὧν
434 453 633 499 Ἀγησίλαος
658 482 665 488 .
691 480 699 488 .
727 482 734 488 .
761 455 986 499 ὠλιγώρησεν
1011 454 1054 488 οὗ
1081 453 1137 488 διὰ
1163 454 1300 492 κακίαν,
1337 451 1423 486 ἀλλὰ
1450 451 1506 486 διὰ

100 506 303 551 φιλοτιμίαν.
355 505 526 553 Sequitur
562 507 656 543 ratio
693 507 732 542 in
769 518 801 554 p.
826 508 889 543 87:
928 509 1007 552 ἔσχε
1045 507 1112 552 γὰρ
1151 506 1263 545 διττὰς
1301 506 1506 550 ἐπιθυμίαςς

100 558 255 594 rationis
281 559 509 595 confirmatio
534 560 626 596 haec
651 563 726 597 est:
751 564 938 607 προῃρεῖτο
964 561 1031 606 γὰρ
1056 561 1191 606 βασιλεῖ
1211 574 1247 595 τε
1263 560 1428 605 πολεμεῖν
1445 587 1453 594 ,
1472 587 1478 593 .
1499 587 1506 594 .

99 612 299 648 Exornatio
326 614 400 649 est:
426 615 625 660 συνέβαινεν
650 614 714 650 οὖν
730 642 738 650 .
756 643 763 651 .
783 643 790 649 .
817 625 928 661 quam
954 613 1087 660 excipit
1113 614 1152 649 in
1169 625 1202 660 p.
1219 614 1268 650 88
1286 612 1505 659 complexio:

99 667 182 701 ὥστ’
209 667 248 701 ἐκ
282 670 352 701 τῶν
382 668 629 712 ἀγνοηθέντων
653 670 729 703 κατ’
755 669 886 703 ἐκεῖνον
911 668 971 702 τὸν
995 668 1125 713 χρόνον
1151 696 1158 702 .
1185 695 1192 702 .
1220 695 1227 702 .
1278 666 1321 702 111
1346 665 1507 713 epistula

100 721 227 755 autem
261 730 320 755 res
350 719 404 755 ita
430 722 487 756 est
520 723 740 768 comparata.
790 720 990 768 Propositio
1024 721 1122 756 inest
1155 720 1193 755 in
1218 732 1252 767 p.
1272 721 1337 755 11:
1363 721 1407 755 οὐ
1432 719 1506 765 μὴν

100 773 186 808 ἀλλὰ
212 774 374 813 κάκεῖνος
399 774 477 813 ἑνὸς
500 776 703 820 πράγματος
729 776 923 821 διήμαρτεν.
974 774 1147 821 Sequitur
1178 785 1276 809 nunc
1302 772 1504 817 excusatio,

100 837 175 872 qua
210 826 275 862 illa
311 827 593 872 argumentandi
624 827 742 864 forma
766 828 946 863 turbatur.
997 827 1128 863 Verbis
1167 838 1269 874 quae⁴
1298 827 1506 873 sequuntur

98 881 232 921 ἐκεῖνος
259 881 290 917 δ’
318 882 354 917 ἐν
379 882 486 917 ἅπασι
510 886 581 922 τοῖς
605 882 720 922 ἄλλοις
746 882 932 928 διενεγκὼν
958 881 1068 921 διττὰς
1093 883 1192 928 ἔσχεν
1223 882 1412 927 ἐπιθυμίας
1438 891 1504 916 ex-

98 935 246 981 ponitur
270 936 374 980 ratio,
402 948 513 982 quam
538 936 703 982 sequitur
728 935 953 972 confirmatio
979 936 1146 981 ἠβούλετο
1172 936 1239 980 γὰρ
1262 962 1269 969 .
1296 964 1303 970 .
1330 963 1338 970 .
1364 933 1504 970 Deinde

100 989 289 1024 exornatio
314 989 447 1034 legitur
472 991 671 1035 συνέβαινεν
695 989 760 1025 οὗν
786 1009 794 1024 ,ν
820 1016 827 1024 .
853 1016 872 1034 .,
899 1000 1009 1035 quam
1036 988 1169 1035 excipit
1194 987 1394 1035 complexio
1420 989 1503 1023 ὥστ’

99 1043 139 1077 ἐκ
169 1046 240 1078 τῶν
265 1071 272 1078 .
300 1071 306 1078 .
335 1071 341 1078 .
392 1043 521 1090 Itaque
558 1043 594 1079 in
629 1043 792 1079 oratione
826 1043 1005 1079 Isocrates
1043 1042 1247 1078 rectissima
1284 1043 1347 1078 via
1384 1041 1433 1078 ad
1466 1040 1505 1077 id

99 1095 335 1141 progreditur,
371 1096 468 1142 quod
501 1096 749 1131 demonstrare
782 1096 874 1141 vult,
910 1096 1123 1140 Agesilaum
1152 1095 1247 1130 falso
1274 1096 1411 1140 egisse;
1446 1096 1503 1130 διὰ

98 1149 303 1194 φιλοτιμίαν,
330 1150 373 1184 οὗ
400 1149 456 1185 aad
481 1151 607 1185 κακίαν
624 1148 830 1194 neglexisse
849 1160 944 1193 eum,
971 1159 1066 1195 quae
1085 1160 1259 1196 expressa
1276 1150 1365 1184 sunt
1381 1147 1503 1184 verbis

102 1203 156 1238 δεῖ
186 1203 252 1248 γὰρ
285 1203 399 1249 μηδὲν
433 1203 604 1249 πρότερον
636 1204 803 1248 πράττειν,
840 1204 921 1248 πρὶν
955 1204 999 1237 ἂν
1031 1203 1121 1248 λάβῃ
1155 1216 1203 1242 τις
1236 1203 1316 1241 τοὺς
1334 1202 1503 1248 Ἕλληνας

103 1257 201 1291 δυοῖν
234 1257 393 1301 θάτερον,
428 1259 450 1302 ἢ
485 1258 832 1302 συναγωνιζομένους
866 1259 887 1301 ἢ
922 1256 1053 1301 πολλὴν
1084 1257 1221 1290 εὔνοιαν
1261 1257 1402 1301 ἔχοντας
1434 1259 1504 1293 τοῖς

98 1311 355 1356 πραττομένοις.
407 1310 508 1354 Quae
535 1321 599 1345 cur
622 1309 682 1346 ille
708 1309 941 1355 neglexisset,
968 1311 1162 1356 postquam
1191 1308 1412 1356 explicatum
1435 1312 1501 1355 est,

100 1363 327 1399 concluditur
359 1364 481 1399 verbis
507 1365 597 1400 ὥστε
628 1365 667 1399 61
692 1375 786 1410 quae
813 1375 914 1410 sequ.
963 1363 1090 1410 Neque
1116 1374 1312 1410 possumus
1337 1363 1501 1409 probare,

98 1428 194 1463 quae
219 1416 386 1453 Blassius
413 1417 444 1461 (l.
462 1417 483 1452 l.
510 1417 568 1463 III,
587 1420 619 1462 2,
629 1417 711 1463 480)
745 1417 898 1464 protulit
924 1416 968 1452 de
1001 1416 1065 1452 illa
1099 1416 1353 1452 excusatione:
1391 1416 1503 1462 „Dem

97 1470 284 1519 Philippos
321 1470 529 1518 gegenfiber
565 1483 645 1508 war
679 1482 718 1508 es
752 1471 854 1507 nicht
887 1471 1000 1516 ndfig,
1037 1470 1109 1506 den
1138 1469 1332 1516 Agesilaus
1367 1482 1406 1507 so
1441 1481 1502 1516 ge-

97 1524 317 1560 flissentlich
350 1537 395 1560 zu
430 1525 719 1571 entschuldigen,
756 1525 828 1561 wie
864 1536 903 1561 es
938 1525 1018 1560 hier
1050 1524 1242 1570 geschieht
1265 1524 1342 1560 und
1366 1525 1436 1559 wie
1463 1536 1502 1559 es

99 1578 182 1614 dem
216 1577 338 1614 Sohne
372 1579 579 1624 gegenfiber
612 1578 807 1625 allerdings
842 1577 1069 1624 angebracht
1102 1578 1212 1614 war.“
1269 1578 1381 1614 Immo
1416 1589 1502 1614 vero

39 1668 46 1675 ,
98 1632 162 1667 illa
188 1633 387 1678 excusatio,
415 1644 510 1679 quae
536 1633 634 1669 inest
658 1633 697 1668 in
721 1632 842 1669 verbis
869 1634 911 1668 οὐ
939 1633 995 1668 διὰ
1022 1635 1158 1674 κακίαν,
1185 1633 1270 1668 ἀλλὰ
1297 1633 1351 1668 διὰ
1373 1634 1500 1678 φιλοτι-

97 1687 180 1731 μίαν
206 1685 322 1720 multo
349 1685 490 1730 melius,
526 1686 557 1720 si
582 1685 716 1721 Blassii
741 1686 966 1721 sententiam
992 1685 1255 1733 amplectimur,
1282 1686 1320 1720 in
1346 1684 1502 1732 epistula

98 1739 145 1775 ad
170 1738 286 1775 filium
311 1738 400 1775 data
426 1738 472 1775 ad
498 1739 613 1786 patris
639 1750 794 1775 errorem
813 1739 1068 1776 excusandum
1084 1739 1205 1776 locum
1222 1739 1375 1775 haberet
1391 1750 1501 1786 quam

96 1794 134 1828 in
161 1793 323 1828 oratione
340 1793 506 1839 Philippo
531 1793 716 1839 inscripta,
743 1804 862 1839 neque
889 1804 1111 1839 quemquam
1137 1795 1261 1839 potest
1276 1793 1401 1838 fugere
1420 1804 1501 1827 eam

97 1846 214 1892 magis
240 1846 437 1882 Isocratem
470 1857 599 1893 sapere
633 1857 744 1893 quam
779 1845 898 1882 multa-
931 1845 996 1882 illa
1022 1846 1145 1892 verba,
1183 1846 1316 1894 quibus
1341 1845 1392 1881 nil
1416 1845 1500 1881 effi-

96 1900 198 1937 citur.
241 1899 401 1947 Accedit,
429 1899 527 1948 quod
551 1901 610 1937 hic
635 1902 737 1937 totus
763 1900 866 1937 locus
892 1901 940 1937 ab
966 1901 1127 1938 Isocrate
1153 1900 1418 1938 abiudicandus
1444 1902 1501 1936 est

97 1956 312 2000 argumento
351 1955 450 1990 haud
483 1955 557 1990 levi
598 1966 714 2001 nuper
757 1967 780 1990 a
813 1955 934 1991 Fuhro
975 1968 994 1991 e
1031 1955 1267 1991 collocatione
1309 1955 1500 1990 verborum

96 2020 171 2055 par.
192 2008 238 2043 12
262 2010 436 2044 ποιεῖσθαι
451 2008 532 2047 τοὺς
548 2009 674 2054 λόγους
691 2007 857 2053 1161111010,
886 2008 930 2045 116
950 2020 1021 2056 quo
1048 2008 1146 2045 infra
1164 2010 1207 2055 (p.
1226 2008 1324 2056 37s8)
1351 2018 1499 2043 accura-

94 2062 170 2098 tius
196 2064 335 2108 agetur.
385 2062 513 2110 Neque
540 2061 744 2098 omittenda
769 2074 850 2098 esse
868 2062 1015 2099 videtur
1032 2062 1252 2107 differentia,
1279 2073 1388 2109 quam
1405 2061 1501 2097 inter

96 2115 270 2151 orationis
305 2119 343 2151 et
378 2116 558 2162 epistulae
591 2116 711 2151 locum
740 2115 964 2151 intercedere
992 2116 1114 2152 docuit
1140 2115 1280 2160 Gratia,
1307 2126 1388 2150 cum
1413 2114 1500 2149 dicit

96 2168 127 2212 (l.
145 2168 167 2204 1.
185 2180 218 2216 p.
236 2169 313 2214 61):
339 2169 383 2205 Is.
402 2168 532 2205 deinde
550 2168 760 2215 Agesilaum
777 2168 1104 2216 prudentissimum
1122 2168 1284 2217 appellat
1302 2170 1338 2204 et
1354 2168 1409 2203 ita
1425 2167 1499 2203 vir-

95 2224 215 2258 tutem
248 2223 406 2269 respicit,
442 2235 516 2270 qua
548 2224 587 2259 in
613 2222 832 2259 Graecorum
865 2223 977 2259 rebus
1012 2222 1309 2259 administrandis
1340 2221 1499 2258 maxime

97 2287 189 2324 opus
215 2277 312 2322 erat,
342 2277 506 2313 imitator
530 2289 617 2313 vero
644 2288 728 2313 eum
753 2288 875 2322 regem
900 2278 1156 2325 temperantia,
1183 2275 1336 2319 iustitia,
1368 2275 1499 2322 peritia

95 2330 265 2366 omnibus
291 2330 507 2367 antecellere
534 2331 637 2377 dicit;
663 2330 728 2367 sed
753 2331 824 2367 hae
848 2331 1008 2368 virtutes
1033 2343 1102 2367 nec
1119 2331 1270 2367 oratoris
1287 2330 1353 2365 fini
1371 2341 1500 2366 neces-

76 2384 214 2420 sariae
249 2395 317 2420 nec
351 2396 461 2421 verae
496 2387 602 2420 erant
632 2387 722 2432 etqs.
772 2384 868 2420 Nam
894 2396 960 2421 eae
985 2386 1154 2429 virtutes,
1188 2395 1281 2431 quae
1308 2382 1500 2419 adiectivis

96 2439 362 2484 ἐγκρατέστατος
394 2439 454 2473 καὶ
488 2440 701 2478 δικαιότατος
733 2439 792 2474 καὶ
824 2439 1091 2478 πολιτικώτατος
1125 2437 1396 2484 significantur,
1431 2438 1500 2474 hoe

94 2491 184 2537 loco,
212 2503 283 2538 quo
310 2491 354 2527 de
378 2491 491 2538 ducis,
518 2504 593 2528 non
618 2492 713 2538 regis
738 2492 939 2528 virtutibus
962 2493 1093 2538 agitur,
1119 2493 1240 2527 minus
1257 2491 1500 2538 requiruntur.

1285 2549 1322 2578 31
