1770 2749
683 144 927 180 ‚29-

102 243 141 278 in
166 242 302 278 Relatt.
320 241 431 277 Acad.
449 241 598 277 Vindob.
618 242 713 278 1863
739 253 772 289 p.
791 241 873 287 504,
901 241 1163 277 Reinhardtius
1187 241 1225 276 in
1243 242 1508 286 dissertatione,

103 307 198 344 quae
234 296 292 332 est
325 295 370 332 de
405 295 574 332 Isocratis
609 295 766 334 aemulis
800 308 833 343 p.
851 296 897 331 21
926 295 1058 343 (1873),
1095 295 1315 332 Schaeserus
1348 296 1386 331 in
1419 296 1510 333 libro

103 350 293 385 Demosth.
318 361 353 386 u.
381 361 408 384 S.
435 350 513 385 Zeit
549 350 724 397 inscripto
750 350 776 393 Ι,
794 350 864 385 114
898 350 981 385 adn.
1008 350 1031 384 2
1067 350 1230 395 (18852)‚
1269 349 1434 385 Blassius
1472 351 1510 385 in

102 403 228 451 Eloqu.
254 403 364 439 Attio.
389 403 431 449 Π,
447 403 505 450 88,
532 403 605 439 288
623 415 698 451 sqq.
726 403 882 448 (1892).²)
926 402 1086 447 Quorum
1105 403 1267 439 omnium
1286 402 1330 438 de
1347 404 1510 450 tempore

103 457 279 494 orationis
317 469 425 494 nemo
462 457 671 494 accuratius
707 458 782 502 egit
816 468 928 504 quam
961 457 1138 502 Blassius,
1174 457 1237 504 qui
1271 468 1353 493 eam
1387 456 1511 493 decem

101 511 179 547 fere
197 511 304 547 annis
323 513 408 558 post
432 510 535 547 illum
562 522 701 547 annum
727 512 971 558 conscriptam
998 522 1079 546 esse
1097 511 1324 556 argumentis
1342 511 1510 546 evincere

101 563 253 611 studuit,
289 576 363 611 qua
387 565 426 599 in
451 566 639 601 sententia
669 576 751 600 cum
787 564 868 600 aliis
901 565 1011 600 rebus
1037 567 1118 600 tum
1144 564 1304 611 epistula
1329 565 1362 610 9,
1398 576 1510 611 quam

101 618 299 663 genuinam
327 630 407 654 esse
433 618 608 664 affirmat,
635 619 773 654 nititur.

217 671 298 706 Hae
333 671 445 716 igitur
475 672 684 707 sententiae
719 672 987 707 examinandae
1014 683 1057 708 ac
1083 671 1362 718 perpendendae
1389 674 1508 715 erunt,

101 725 143 760 ut
169 724 255 771 quid
281 725 331 760 sit
356 724 400 761 de
427 725 479 760 eis
504 724 750 770 iudicandum,
778 728 964 772 appareat.

222 779 276 814 Ac
311 779 466 825 primum
498 778 643 825 quidem
670 778 756 825 quid
782 790 828 814 ex
855 779 1020 814 oratione
1045 779 1127 826 ipsa
1152 778 1199 815 ad
1225 780 1373 825 tempus
1399 790 1503 814 accu-

99 831 217 867 ratius
252 831 497 867 definiendum
531 831 662 868 lucrari
695 833 888 879 possimus,
925 835 1129 879 quaeretur.
1192 832 1348 868 Constat
1381 834 1507 868 autem

98 887 184 933 post
208 897 369 933 pugnam
394 885 623 922 Leuctricam
649 886 819 922 civitates
836 886 1167 934 Peloponnesiacas
1193 886 1375 922 diuturnis
1401 885 1506 922 bellis

98 939 420 976 vehementissime
447 941 626 976 cruciatas
650 943 688 977 et
705 946 898 988 oppressas
917 952 1007 986 esse,
1033 942 1076 976 ut
1094 940 1279 986 Corinthii,
1306 939 1504 987 Epidaurii,

98 993 266 1039 Phliasii,
313 994 402 1030 socii
438 993 828 1040 Lacedaemoniorum,
872 1005 1001 1042 pacem
1038 995 1157 1031 facere
1197 1006 1279 1030 cum
1318 994 1505 1030 Thebanis

99 1047 300 1094 studerent,
336 1049 551 1095 praesertim
585 1060 668 1084 cum
693 1049 939 1085 Athenienses
966 1048 1138 1085 Corintho
1175 1049 1281 1096 potiri
1314 1049 1354 1085 in
1379 1049 1504 1085 animo

98 1102 286 1138 haberent.
335 1102 464 1149 Itaque
499 1102 669 1138 civitates
693 1102 778 1138 illae
803 1102 959 1149 primum
983 1101 1294 1138 Lacedaemonios
1320 1102 1502 1147 adierunt,

97 1157 141 1191 ut
170 1155 210 1191 hi
244 1167 387 1202 quoque
413 1167 540 1203 pacem
566 1155 740 1192 facerent.
792 1155 863 1191 Sed
889 1156 923 1192 ei
946 1155 1123 1203 pristinae
1150 1156 1297 1192 virtutis
1323 1167 1503 1192 memores

97 1209 135 1245 in
163 1209 257 1245 bello
283 1221 516 1256 perseverare
543 1210 823 1254 constituerunt,
851 1209 937 1256 quia
962 1209 1144 1245 Messenia
1170 1209 1296 1246 cedere
1314 1209 1502 1245 nolebant.

97 1263 155 1298 Ita
187 1262 328 1298 factum
362 1264 429 1308 est,
465 1265 508 1299 ut
533 1275 565 1298 a.
584 1275 615 1298 a.
634 1263 712 1299 Chr.
739 1275 773 1299 n.
791 1262 905 1310 366s5
939 1262 991 1298 illi
1017 1263 1104 1298 socii
1129 1262 1501 1299 Lacedaemoniorum

98 1316 167 1353 soli
192 1328 275 1353 cum
301 1316 487 1353 Thebanis
512 1328 641 1364 pacem
665 1317 802 1353 inirent
828 1317 941 1363 (Diod.
962 1317 1017 1362 15,
1028 1317 1096 1363 76).
1138 1317 1179 1353 In
1198 1317 1250 1353 eis
1268 1319 1393 1354 autem
1411 1316 1499 1353 deli-

97 1371 360 1417 berationibuS,
388 1383 482 1418 quae
500 1373 581 1406 tum
598 1371 876 1407 Lacedaemone
893 1371 1127 1407 habebantur
1150 1371 1194 1407 de
1212 1383 1302 1418 pace
1319 1371 1499 1416 facienda,

97 1424 357 1461 Archidamum
381 1424 594 1471 loquentem
628 1424 675 1460 ab
701 1425 861 1461 Isocrate
893 1424 1017 1461 induci
1051 1436 1097 1461 ex
1130 1424 1218 1461 locis
1249 1424 1350 1461 haud
1374 1426 1501 1472 paucis

97 1479 272 1516 orationis
297 1479 412 1528 ipsius
438 1479 670 1526 intellegitur.
708 1479 762 1516 Ac
779 1479 935 1527 primum
961 1479 1107 1527 quidem
1132 1479 1242 1516 liceat
1267 1479 1398 1515 afferre
1426 1491 1499 1525 eos,

97 1545 143 1569 ex
177 1534 310 1580 quibus
345 1534 445 1579 anni,
481 1535 569 1569 ante
600 1545 692 1580 quos
727 1534 844 1569 oratio
879 1534 1081 1580 composita
1115 1545 1196 1569 esse
1229 1533 1397 1579 putanda
1430 1537 1498 1577 est,

96 1586 257 1634 expediri
282 1587 445 1633 possunt.

216 1642 261 1677 In
286 1652 360 1687 par.
379 1640 402 1675 8
427 1641 520 1677 haec
545 1639 736 1686 leguntur:
770 1642 999 1687 αἰσχυνοίμην
1024 1641 1091 1687 γὰρ
1117 1643 1169 1682 ἂν,
1204 1642 1236 1676 εἰ
1258 1641 1410 1686 γεγονὼς
1433 1641 1500 1686 μὲν

95 1696 158 1740 ἀφ’.
185 1694 410 1740 Ἡρακλέους,
444 1699 505 1729 τοῦ
532 1695 570 1729 δὲ
603 1695 736 1740 πατρὸς
768 1696 1030 1741 βασιλεύοντος,
1064 1695 1168 1733 αὐτὸς
1203 1696 1234 1729 δ’
1261 1695 1420 1735 ἐπίδοξος
1447 1696 1500 1729 ὢν

94 1753 206 1795 τυχεῖν
240 1753 301 1795 τῆς
333 1753 433 1794 τιμῆς
464 1749 598 1794 ταύτης,
632 1749 828 1794 περιίδοιμι,
862 1750 947 1785 καθ’
979 1750 1063 1785 ὅσον
1097 1750 1184 1785 ἐστὶν
1221 1750 1270 1783 ἐπ’
1307 1749 1402 1793 ἐμοὶ,
1436 1749 1499 1794 τὴν

94 1805 225 1849 χώραν,
259 1805 303 1849 ἣν
329 1804 412 1848 ἡμῖν
438 1804 473 1838 οἷ
495 1804 640 1848 πατέρες
664 1804 857 1844 κατέλιπον,
890 1804 1017 1849 ταύτην
1042 1804 1121 1842 τοὺς
1148 1804 1283 1842 οἰκέτας
1306 1802 1387 1841 τοὺς
1412 1803 1498 1848 ἡμε-

94 1859 217 1902 τέρους
234 1858 385 1903 ἔχοντας.
428 1855 621 1902 Agesilaus
640 1858 776 1902 autem,
803 1856 901 1893 illius
919 1859 1033 1904 pater,
1061 1868 1158 1893 anno
1177 1856 1312 1903 360s59
1330 1858 1498 1892 mortuus

94 1912 189 1958 est.¹)
239 1910 368 1957 Itaque
406 1910 466 1946 ille
504 1921 578 1946 non
615 1911 738 1957 potuit
774 1911 829 1946 ita
861 1910 961 1958 loqui
994 1912 1064 1946 nisi
1097 1913 1183 1947 ante
1216 1910 1315 1946 hunc
1349 1921 1499 1947 annum.

93 1965 310 2000 Accuratius
346 1965 472 1999 autem
505 1964 684 2000 terminus
718 1967 806 2000 ante
832 1976 940 2011 quem
967 1966 1029 2011 qui
1055 1964 1192 2009 dicitur,
1228 1975 1248 1999 e
1272 1975 1347 2010 par.
1367 1964 1414 1999 56
1439 1965 1499 1999 in-

92 2018 288 2064 tellegitur,
314 2018 378 2054 ubi
402 2018 462 2054 ille
489 2017 591 2054 dicit:
625 2019 717 2058 τίνας
743 2019 810 2065 γὰρ
836 2021 944 2065 ἴσμεν,
979 2018 1031 2054 ὧν
1056 2019 1114 2054 καὶ
1138 2019 1353 2063 ποιήσασθαι
1377 2020 1499 2064 μνείαν

93 2073 191 2113 ἄξιόν
216 2074 312 2113 ἐστιν,
340 2073 458 2111 οἵτινες
484 2074 577 2112 ἅπαξ
602 2073 806 2118 ἡττηθέντες
830 2074 889 2108 καὶ
905 2077 987 2118 μιᾶς
1003 2073 1159 2118 εἰσβολῆς
1177 2073 1368 2118 γενομένης
1385 2074 1500 2111 οὕτως

93 2127 279 2172 ἀνάνδρως
317 2127 551 2172 ὡμολόγησαν
589 2127 700 2161 πάντα
739 2127 781 2161 τὰ
820 2127 1096 2172 προςταττόμενα
1129 2127 1297 2171 ποιήσειν.
1357 2125 1498 2169 Quibus

92 2179 214 2215 verbis
253 2191 338 2216 eum
378 2179 424 2215 ad
455 2179 603 2215 cladem
638 2179 866 2216 Leuctricam
904 2180 1065 2227 inprimis
1104 2180 1143 2215 et
1181 2178 1230 2214 ad
1266 2179 1498 2216 invasionem

93 2233 349 2269 Thebanorum
386 2232 496 2279 paulo
534 2234 619 2278 post
652 2233 793 2269 factam
828 2235 992 2280 spectare
1027 2235 1189 2279 apparet.
1245 2233 1374 2279 Itaque
1410 2237 1498 2269 ante

90 2298 252 2333 pugnam
278 2286 376 2334 apud
401 2286 628 2322 Mantineam
654 2299 686 2323 a.
704 2298 736 2322 a.
763 2286 842 2324 Chr.
869 2299 902 2322 n.
921 2286 991 2322 362
1010 2286 1243 2323 commissam
1268 2286 1360 2323 haec
1385 2286 1498 2322 verba

92 2340 189 2376 dicta
223 2343 320 2376 sunt.
372 2339 449 2384 Quo
483 2339 594 2386 paulo
629 2341 784 2388 priorem
818 2351 957 2377 annum
981 2340 1181 2387 reperimus
1208 2353 1228 2376 e
1254 2353 1329 2388 par.
1347 2341 1411 2376 27:
1437 2342 1497 2376 καὶ

96 2394 246 2434 Θεσπιὰς
270 2395 336 2441 μὲν
361 2395 420 2430 καὶ
443 2394 622 2434 Πλαταιὰς
648 2396 750 2442 ἐχθὲς
780 2396 840 2431 καὶ
863 2395 989 2441 πρῴην
1014 2395 1227 2434 ἀναστάτους
1253 2396 1497 2441 πεποιήκασι..

209 2507 228 2544 ¹)
250 2507 362 2545 Meyer,
382 2507 435 2537 l.1.
457 2516 486 2545 p.
500 2506 566 2536 472.
