<?xml version="1.0" encoding="UTF-8"?>
<!DOCTYPE html PUBLIC "-//W3C//DTD XHTML 1.0 Transitional//EN"
    "http://www.w3.org/TR/xhtml1/DTD/xhtml1-transitional.dtd">
<html xmlns="http://www.w3.org/1999/xhtml" xml:lang="en" lang="en">
 <head>
  <title>
</title>
<meta http-equiv="Content-Type" content="text/html;charset=utf-8" />
  <meta name='ocr-system' content='tesseract 3.04.00' />
  <meta name='ocr-capabilities' content='ocr_page ocr_carea ocr_par ocr_line ocrx_word'/>
</head>
<body>
  <div class='ocr_page' id='page_1' title='image "4737378_0042.png"; bbox 0 0 1770 2749; ppageno 0'>
   <div class='ocr_carea' id='block_1_1' title="bbox 728 101 964 136">
    <p class='ocr_par' dir='ltr' id='par_1_1' title="bbox 728 101 964 136">
     <span class='ocr_line' id='line_1_1' title="bbox 728 101 964 136; baseline 0 -10"><span class='ocrx_word' id='word_1_1' title='bbox 728 101 964 136; x_wconf 75' lang='grc'><strong>-36-</strong></span> 
     </span>
    </p>
   </div>
   <div class='ocr_carea' id='block_1_2' title="bbox 133 197 1611 2498">
    <p class='ocr_par' dir='ltr' id='par_1_2' title="bbox 133 197 1554 834">
     <span class='ocr_line' id='line_1_2' title="bbox 134 197 1550 245; baseline 0 -12"><span class='ocrx_word' id='word_1_2' title='bbox 134 198 251 235; x_wconf 90' lang='lat' dir='ltr'><strong>Multo</strong></span> <span class='ocrx_word' id='word_1_3' title='bbox 278 200 406 235; x_wconf 91' lang='lat' dir='ltr'><strong>autem</strong></span> <span class='ocrx_word' id='word_1_4' title='bbox 432 198 632 245; x_wconf 85' lang='lat' dir='ltr'>simplicius</span> <span class='ocrx_word' id='word_1_5' title='bbox 659 210 703 234; x_wconf 91' lang='lat' dir='ltr'><strong>ac</strong></span> <span class='ocrx_word' id='word_1_6' title='bbox 728 198 852 234; x_wconf 84' lang='lat' dir='ltr'><strong>verius</strong></span> <span class='ocrx_word' id='word_1_7' title='bbox 878 199 916 234; x_wconf 87' lang='lat' dir='ltr'><strong>in</strong></span> <span class='ocrx_word' id='word_1_8' title='bbox 943 198 1108 234; x_wconf 89' lang='lat' dir='ltr'><strong>oratione</strong></span> <span class='ocrx_word' id='word_1_9' title='bbox 1132 197 1307 243; x_wconf 87' lang='lat' dir='ltr'><strong>leguntur</strong></span> <span class='ocrx_word' id='word_1_10' title='bbox 1336 197 1389 233; x_wconf 85' lang='grc' dir='ltr'><strong>ὧν</strong></span> <span class='ocrx_word' id='word_1_11' title='bbox 1413 198 1550 243; x_wconf 79' lang='grc' dir='ltr'><strong><em>Ἀγησί-</em></strong></span> 
     </span>
     <span class='ocr_line' id='line_1_3' title="bbox 133 250 1550 298; baseline -0.001 -10"><span class='ocrx_word' id='word_1_12' title='bbox 133 254 218 292; x_wconf 83' lang='grc' dir='ltr'><strong><em>λαος</em></strong></span> <span class='ocrx_word' id='word_1_13' title='bbox 244 254 265 288; x_wconf 86' lang='grc' dir='ltr'>ὁ</span> <span class='ocrx_word' id='word_1_14' title='bbox 284 254 391 294; x_wconf 80' lang='grc' dir='ltr'><strong><em>δόξας</em></strong></span> <span class='ocrx_word' id='word_1_15' title='bbox 408 253 492 288; x_wconf 83' lang='grc' dir='ltr'><strong><em>εἶναι</em></strong></span> <span class='ocrx_word' id='word_1_16' title='bbox 510 253 804 298; x_wconf 79' lang='grc' dir='ltr'><em>Λακεδαιμονίων</em></span> <span class='ocrx_word' id='word_1_17' title='bbox 827 253 1094 298; x_wconf 83' lang='grc' dir='ltr'><strong><em>φρονιμώτατος</em></strong></span> <span class='ocrx_word' id='word_1_18' title='bbox 1112 252 1345 298; x_wconf 78' lang='grc' dir='ltr'><strong><em>ὠλιγώρησεν.</em></strong></span> <span class='ocrx_word' id='word_1_19' title='bbox 1388 250 1550 295; x_wconf 82' lang='lat' dir='ltr'><strong>Quorum</strong></span> 
     </span>
     <span class='ocr_line' id='line_1_4' title="bbox 134 304 1550 352; baseline -0.002 -10"><span class='ocrx_word' id='word_1_20' title='bbox 134 306 330 343; x_wconf 90' lang='lat' dir='ltr'><strong>verborum</strong></span> <span class='ocrx_word' id='word_1_21' title='bbox 356 305 445 342; x_wconf 92' lang='lat' dir='ltr'><strong>illud</strong></span> <span class='ocrx_word' id='word_1_22' title='bbox 469 307 587 350; x_wconf 82' lang='grc' dir='ltr'><strong><em>δόξας,</em></strong></span> <span class='ocrx_word' id='word_1_23' title='bbox 615 306 714 352; x_wconf 90' lang='lat' dir='ltr'><strong>quod</strong></span> <span class='ocrx_word' id='word_1_24' title='bbox 732 318 800 342; x_wconf 89' lang='lat' dir='ltr'><strong>suo</strong></span> <span class='ocrx_word' id='word_1_25' title='bbox 817 306 896 341; x_wconf 90' lang='lat' dir='ltr'><strong>iure</strong></span> <span class='ocrx_word' id='word_1_26' title='bbox 914 317 1055 352; x_wconf 91' lang='lat' dir='ltr'><strong>suoque</strong></span> <span class='ocrx_word' id='word_1_27' title='bbox 1071 305 1151 341; x_wconf 92' lang='lat' dir='ltr'><strong>loco</strong></span> <span class='ocrx_word' id='word_1_28' title='bbox 1168 305 1206 340; x_wconf 91' lang='lat' dir='ltr'><strong>in</strong></span> <span class='ocrx_word' id='word_1_29' title='bbox 1225 305 1390 341; x_wconf 91' lang='lat' dir='ltr'><strong>oratione</strong></span> <span class='ocrx_word' id='word_1_30' title='bbox 1407 304 1550 349; x_wconf 84' lang='lat' dir='ltr'><strong>legitur,</strong></span> 
     </span>
     <span class='ocr_line' id='line_1_5' title="bbox 133 358 1552 406; baseline -0.001 -11"><span class='ocrx_word' id='word_1_31' title='bbox 133 360 174 395; x_wconf 91' lang='lat' dir='ltr'><strong>in</strong></span> <span class='ocrx_word' id='word_1_32' title='bbox 200 359 360 406; x_wconf 81' lang='lat' dir='ltr'><strong>epistula</strong></span> <span class='ocrx_word' id='word_1_33' title='bbox 385 359 568 395; x_wconf 87' lang='lat' dir='ltr'><strong>omittitur</strong></span> <span class='ocrx_word' id='word_1_34' title='bbox 593 358 778 406; x_wconf 86' lang='lat' dir='ltr'><strong>pauloque</strong></span> <span class='ocrx_word' id='word_1_35' title='bbox 803 359 899 395; x_wconf 81' lang='lat' dir='ltr'><strong>infra</strong></span> <span class='ocrx_word' id='word_1_36' title='bbox 924 359 1113 395; x_wconf 89' lang='lat' dir='ltr'><strong>inseritur:</strong></span> <span class='ocrx_word' id='word_1_37' title='bbox 1139 360 1327 404; x_wconf 73' lang='grc' dir='ltr'><strong><em>ἐπιθυμίας</em></strong></span> <span class='ocrx_word' id='word_1_38' title='bbox 1351 359 1461 404; x_wconf 86' lang='grc' dir='ltr'><strong><em>χ’ωρὶς</em></strong></span> <span class='ocrx_word' id='word_1_39' title='bbox 1484 358 1552 404; x_wconf 83' lang='grc' dir='ltr'><strong>μὲν</strong></span> 
     </span>
     <span class='ocr_line' id='line_1_6' title="bbox 135 411 1550 461; baseline -0.001 -12"><span class='ocrx_word' id='word_1_40' title='bbox 135 415 303 459; x_wconf 80' lang='grc' dir='ltr'><strong><em>ἑκατέραν</em></strong></span> <span class='ocrx_word' id='word_1_41' title='bbox 328 414 439 460; x_wconf 83' lang='grc' dir='ltr'><strong><em>καλὴν</em></strong></span> <span class='ocrx_word' id='word_1_42' title='bbox 466 413 550 449; x_wconf 85' lang='grc' dir='ltr'><strong><em>εἶναι</em></strong></span> <span class='ocrx_word' id='word_1_43' title='bbox 569 414 760 460; x_wconf 82' lang='grc' dir='ltr'><strong><em>δοκοῦσαν,</em></strong></span> <span class='ocrx_word' id='word_1_44' title='bbox 787 424 907 461; x_wconf 80' lang='lat' dir='ltr'><strong>neque</strong></span> <span class='ocrx_word' id='word_1_45' title='bbox 930 424 1017 449; x_wconf 84' lang='lat' dir='ltr'><strong>vero</strong></span> <span class='ocrx_word' id='word_1_46' title='bbox 1035 412 1258 449; x_wconf 85' lang='lat' dir='ltr'><strong>videbantur</strong></span> <span class='ocrx_word' id='word_1_47' title='bbox 1275 411 1447 459; x_wconf 85' lang='lat' dir='ltr'>pulchrae</span> <span class='ocrx_word' id='word_1_48' title='bbox 1465 411 1550 447; x_wconf 83' lang='lat' dir='ltr'><strong>illae</strong></span> 
     </span>
     <span class='ocr_line' id='line_1_7' title="bbox 135 466 1552 512; baseline 0.001 -9"><span class='ocrx_word' id='word_1_49' title='bbox 135 468 304 511; x_wconf 87' lang='lat' dir='ltr'><strong>virtutes,</strong></span> <span class='ocrx_word' id='word_1_50' title='bbox 343 467 409 502; x_wconf 92' lang='lat' dir='ltr'><strong>sed</strong></span> <span class='ocrx_word' id='word_1_51' title='bbox 448 469 564 510; x_wconf 84' lang='lat' dir='ltr'><strong>erant,</strong></span> <span class='ocrx_word' id='word_1_52' title='bbox 604 468 647 502; x_wconf 92' lang='lat' dir='ltr'><strong>ut</strong></span> <span class='ocrx_word' id='word_1_53' title='bbox 682 467 721 502; x_wconf 90' lang='lat' dir='ltr'><strong>in</strong></span> <span class='ocrx_word' id='word_1_54' title='bbox 757 467 922 503; x_wconf 89' lang='lat' dir='ltr'><strong>oratione</strong></span> <span class='ocrx_word' id='word_1_55' title='bbox 957 466 1089 502; x_wconf 90' lang='lat' dir='ltr'><strong>dicitur</strong></span> <span class='ocrx_word' id='word_1_56' title='bbox 1122 467 1310 512; x_wconf 75' lang='grc' dir='ltr'><strong><em>ἐπιθυμίας</em></strong></span> <span class='ocrx_word' id='word_1_57' title='bbox 1343 466 1453 504; x_wconf 82' lang='grc' dir='ltr'><strong><em>καλὰς</em></strong></span> <span class='ocrx_word' id='word_1_58' title='bbox 1485 466 1552 511; x_wconf 79' lang='grc' dir='ltr'><strong>μὲν</strong></span> 
     </span>
     <span class='ocr_line' id='line_1_8' title="bbox 136 518 1553 566; baseline 0 -12"><span class='ocrx_word' id='word_1_59' title='bbox 136 521 350 566; x_wconf 83' lang='grc' dir='ltr'><strong><em>ἀμφοτέρας.</em></strong></span> <span class='ocrx_word' id='word_1_60' title='bbox 402 520 523 566; x_wconf 82' lang='lat' dir='ltr'><strong>Atque</strong></span> <span class='ocrx_word' id='word_1_61' title='bbox 550 519 666 556; x_wconf 87' lang='lat' dir='ltr'><strong>habet</strong></span> <span class='ocrx_word' id='word_1_62' title='bbox 692 531 760 555; x_wconf 90' lang='lat' dir='ltr'><strong>nos</strong></span> <span class='ocrx_word' id='word_1_63' title='bbox 778 520 1027 556; x_wconf 79' lang='lat' dir='ltr'><strong>assentientes</strong></span> <span class='ocrx_word' id='word_1_64' title='bbox 1046 519 1175 556; x_wconf 86' lang='lat' dir='ltr'><strong>Gratia</strong></span> <span class='ocrx_word' id='word_1_65' title='bbox 1193 521 1363 555; x_wconf 88' lang='lat' dir='ltr'><strong>statuens</strong></span> <span class='ocrx_word' id='word_1_66' title='bbox 1380 518 1553 554; x_wconf 82' lang='lat' dir='ltr'><strong>Isocratis</strong></span> 
     </span>
     <span class='ocr_line' id='line_1_9' title="bbox 136 570 1554 620; baseline -0.001 -12"><span class='ocrx_word' id='word_1_67' title='bbox 136 584 264 609; x_wconf 87' lang='lat' dir='ltr'><strong>vocem</strong></span> <span class='ocrx_word' id='word_1_68' title='bbox 291 574 518 619; x_wconf 80' lang='grc' dir='ltr'><strong><em>ὠλιγώρησεν</em></strong></span> <span class='ocrx_word' id='word_1_69' title='bbox 544 573 728 609; x_wconf 81' lang='lat' dir='ltr'><strong>mitiorem</strong></span> <span class='ocrx_word' id='word_1_70' title='bbox 754 585 836 609; x_wconf 88' lang='lat' dir='ltr'><strong>esse</strong></span> <span class='ocrx_word' id='word_1_71' title='bbox 863 584 974 620; x_wconf 89' lang='lat' dir='ltr'><strong>quam</strong></span> <span class='ocrx_word' id='word_1_72' title='bbox 991 573 1186 610; x_wconf 84' lang='lat' dir='ltr'><strong>imitatoris</strong></span> <span class='ocrx_word' id='word_1_73' title='bbox 1205 574 1400 619; x_wconf 79' lang='grc' dir='ltr'><strong><em>διήμαρτεν.</em></strong></span> <span class='ocrx_word' id='word_1_74' title='bbox 1447 570 1554 615; x_wconf 83' lang='lat' dir='ltr'><strong>Quod</strong></span> 
     </span>
     <span class='ocr_line' id='line_1_10' title="bbox 137 625 1552 672; baseline -0.001 -11"><span class='ocrx_word' id='word_1_75' title='bbox 137 627 362 662; x_wconf 86' lang='lat' dir='ltr'><strong>Isocrateum</strong></span> <span class='ocrx_word' id='word_1_76' title='bbox 390 637 471 661; x_wconf 89' lang='lat' dir='ltr'><strong>esse</strong></span> <span class='ocrx_word' id='word_1_77' title='bbox 497 627 721 672; x_wconf 87' lang='lat' dir='ltr'><strong>negaverim,</strong></span> <span class='ocrx_word' id='word_1_78' title='bbox 749 638 824 661; x_wconf 92' lang='lat' dir='ltr'><strong>non</strong></span> <span class='ocrx_word' id='word_1_79' title='bbox 850 626 947 672; x_wconf 92' lang='lat' dir='ltr'><strong>quod</strong></span> <span class='ocrx_word' id='word_1_80' title='bbox 974 638 1057 661; x_wconf 93' lang='lat' dir='ltr'><strong>cum</strong></span> <span class='ocrx_word' id='word_1_81' title='bbox 1074 626 1135 662; x_wconf 87' lang='lat' dir='ltr'><strong>illo</strong></span> <span class='ocrx_word' id='word_1_82' title='bbox 1153 626 1376 661; x_wconf 89' lang='lat' dir='ltr'><strong>vocabulum</strong></span> <span class='ocrx_word' id='word_1_83' title='bbox 1393 627 1434 660; x_wconf 86' lang='grc' dir='ltr'><strong>ὠ.</strong></span> <span class='ocrx_word' id='word_1_84' title='bbox 1452 625 1552 671; x_wconf 90' lang='lat' dir='ltr'><strong>prin-</strong></span> 
     </span>
     <span class='ocr_line' id='line_1_11' title="bbox 138 678 1554 727; baseline -0.001 -13"><span class='ocrx_word' id='word_1_85' title='bbox 138 679 206 726; x_wconf 86' lang='lat' dir='ltr'><strong>cipi</strong></span> <span class='ocrx_word' id='word_1_86' title='bbox 245 680 370 726; x_wconf 88' lang='lat' dir='ltr'><strong>aptius</strong></span> <span class='ocrx_word' id='word_1_87' title='bbox 409 691 490 715; x_wconf 90' lang='lat' dir='ltr'><strong>esse</strong></span> <span class='ocrx_word' id='word_1_88' title='bbox 526 679 684 725; x_wconf 87' lang='lat' dir='ltr'><strong>credam,</strong></span> <span class='ocrx_word' id='word_1_89' title='bbox 724 678 788 715; x_wconf 85' lang='lat' dir='ltr'><strong>sed</strong></span> <span class='ocrx_word' id='word_1_90' title='bbox 823 679 910 726; x_wconf 90' lang='lat' dir='ltr'><strong>quia</strong></span> <span class='ocrx_word' id='word_1_91' title='bbox 943 681 1002 715; x_wconf 91' lang='lat' dir='ltr'><strong>est</strong></span> <span class='ocrx_word' id='word_1_92' title='bbox 1034 679 1074 715; x_wconf 90' lang='lat' dir='ltr'><strong>in</strong></span> <span class='ocrx_word' id='word_1_93' title='bbox 1107 681 1235 727; x_wconf 89' lang='lat' dir='ltr'><strong>aperto</strong></span> <span class='ocrx_word' id='word_1_94' title='bbox 1269 679 1485 724; x_wconf 85' lang='lat' dir='ltr'><strong>Isocratem,</strong></span> <span class='ocrx_word' id='word_1_95' title='bbox 1522 678 1554 713; x_wconf 90' lang='lat' dir='ltr'><strong>si</strong></span> 
     </span>
     <span class='ocr_line' id='line_1_12' title="bbox 138 732 1552 780; baseline -0.001 -11"><span class='ocrx_word' id='word_1_96' title='bbox 138 733 317 780; x_wconf 89' lang='lat' dir='ltr'><strong>epitulam</strong></span> <span class='ocrx_word' id='word_1_97' title='bbox 351 732 399 769; x_wconf 90' lang='lat' dir='ltr'><strong>ad</strong></span> <span class='ocrx_word' id='word_1_98' title='bbox 433 733 553 769; x_wconf 84' lang='lat' dir='ltr'><strong>filium</strong></span> <span class='ocrx_word' id='word_1_99' title='bbox 590 733 763 778; x_wconf 84' lang='lat' dir='ltr'><strong>dedisset,</strong></span> <span class='ocrx_word' id='word_1_100' title='bbox 799 734 838 769; x_wconf 90' lang='lat' dir='ltr'><strong>in</strong></span> <span class='ocrx_word' id='word_1_101' title='bbox 872 745 918 769; x_wconf 89' lang='lat' dir='ltr'><strong>ea</strong></span> <span class='ocrx_word' id='word_1_102' title='bbox 952 745 1106 769; x_wconf 88' lang='lat' dir='ltr'><strong>usurum</strong></span> <span class='ocrx_word' id='word_1_103' title='bbox 1138 733 1254 770; x_wconf 77' lang='lat' dir='ltr'><strong>fuisse</strong></span> <span class='ocrx_word' id='word_1_104' title='bbox 1282 733 1424 770; x_wconf 89' lang='lat' dir='ltr'><strong>mitiore</strong></span> <span class='ocrx_word' id='word_1_105' title='bbox 1449 744 1552 778; x_wconf 90' lang='lat' dir='ltr'><strong>voce,</strong></span> 
     </span>
     <span class='ocr_line' id='line_1_13' title="bbox 137 787 1553 834; baseline -0.001 -11"><span class='ocrx_word' id='word_1_106' title='bbox 137 788 353 834; x_wconf 86' lang='lat' dir='ltr'><strong>praesertim</strong></span> <span class='ocrx_word' id='word_1_107' title='bbox 380 799 464 823; x_wconf 86' lang='lat' dir='ltr'><strong>cum</strong></span> <span class='ocrx_word' id='word_1_108' title='bbox 489 788 528 823; x_wconf 92' lang='lat' dir='ltr'><strong>in</strong></span> <span class='ocrx_word' id='word_1_109' title='bbox 552 788 718 823; x_wconf 87' lang='lat' dir='ltr'><strong>oratione</strong></span> <span class='ocrx_word' id='word_1_110' title='bbox 736 799 810 822; x_wconf 91' lang='lat' dir='ltr'><strong>non</strong></span> <span class='ocrx_word' id='word_1_111' title='bbox 828 787 991 831; x_wconf 84' lang='lat' dir='ltr'><strong>haberet,</strong></span> <span class='ocrx_word' id='word_1_112' title='bbox 1020 799 1084 823; x_wconf 88' lang='lat' dir='ltr'><strong>cur</strong></span> <span class='ocrx_word' id='word_1_113' title='bbox 1099 787 1151 822; x_wconf 88' lang='lat' dir='ltr'><strong>illi</strong></span> <span class='ocrx_word' id='word_1_114' title='bbox 1168 789 1360 834; x_wconf 87' lang='lat' dir='ltr'><strong>tantopere</strong></span> <span class='ocrx_word' id='word_1_115' title='bbox 1378 788 1553 834; x_wconf 89' lang='lat' dir='ltr'><strong>parceret.</strong></span> 
     </span>
    </p>

    <p class='ocr_par' dir='ltr' id='par_1_3' title="bbox 138 840 1555 995">
     <span class='ocr_line' id='line_1_14' title="bbox 255 840 1553 888; baseline 0 -12"><span class='ocrx_word' id='word_1_116' title='bbox 255 841 385 888; x_wconf 91' lang='lat' dir='ltr'><strong>Itaque</strong></span> <span class='ocrx_word' id='word_1_117' title='bbox 411 841 506 877; x_wconf 91' lang='lat' dir='ltr'><strong>haec</strong></span> <span class='ocrx_word' id='word_1_118' title='bbox 532 841 577 876; x_wconf 90' lang='lat' dir='ltr'><strong>de</strong></span> <span class='ocrx_word' id='word_1_119' title='bbox 595 840 767 886; x_wconf 83' lang='lat' dir='ltr'><strong>Agesilao</strong></span> <span class='ocrx_word' id='word_1_120' title='bbox 795 840 893 876; x_wconf 90' lang='lat' dir='ltr'><strong>dicta</strong></span> <span class='ocrx_word' id='word_1_121' title='bbox 918 840 955 876; x_wconf 91' lang='lat' dir='ltr'><strong>in</strong></span> <span class='ocrx_word' id='word_1_122' title='bbox 975 840 1134 888; x_wconf 85' lang='lat' dir='ltr'><strong>epistula</strong></span> <span class='ocrx_word' id='word_1_123' title='bbox 1152 853 1259 876; x_wconf 92' lang='lat' dir='ltr'><strong>suum</strong></span> <span class='ocrx_word' id='word_1_124' title='bbox 1278 841 1414 876; x_wconf 89' lang='lat' dir='ltr'><strong>habere</strong></span> <span class='ocrx_word' id='word_1_125' title='bbox 1432 840 1553 876; x_wconf 88' lang='lat' dir='ltr'><strong>locum</strong></span> 
     </span>
     <span class='ocr_line' id='line_1_15' title="bbox 139 894 1555 941; baseline -0.001 -10"><span class='ocrx_word' id='word_1_126' title='bbox 139 898 177 931; x_wconf 92' lang='lat' dir='ltr'><strong>et</strong></span> <span class='ocrx_word' id='word_1_127' title='bbox 211 896 258 931; x_wconf 91' lang='lat' dir='ltr'><strong>ab</strong></span> <span class='ocrx_word' id='word_1_128' title='bbox 285 895 447 931; x_wconf 88' lang='lat' dir='ltr'><strong>Isocrate</strong></span> <span class='ocrx_word' id='word_1_129' title='bbox 483 907 565 931; x_wconf 88' lang='lat' dir='ltr'><strong>esse</strong></span> <span class='ocrx_word' id='word_1_130' title='bbox 601 895 806 940; x_wconf 87' lang='lat' dir='ltr'><strong>conscripta</strong></span> <span class='ocrx_word' id='word_1_131' title='bbox 840 906 1029 939; x_wconf 81' lang='lat' dir='ltr'><strong>negamus,</strong></span> <span class='ocrx_word' id='word_1_132' title='bbox 1068 895 1130 930; x_wconf 84' lang='lat' dir='ltr'><strong>sed</strong></span> <span class='ocrx_word' id='word_1_133' title='bbox 1160 897 1345 931; x_wconf 87' lang='lat' dir='ltr'><strong>auctorem</strong></span> <span class='ocrx_word' id='word_1_134' title='bbox 1373 894 1555 941; x_wconf 85' lang='lat' dir='ltr'><strong>epistulae</strong></span> 
     </span>
     <span class='ocr_line' id='line_1_16' title="bbox 138 947 1368 995; baseline -0.001 -11"><span class='ocrx_word' id='word_1_135' title='bbox 138 949 220 984; x_wconf 89' lang='lat' dir='ltr'><strong>illas</strong></span> <span class='ocrx_word' id='word_1_136' title='bbox 247 950 279 984; x_wconf 90' lang='lat'><strong>5.</strong></span> <span class='ocrx_word' id='word_1_137' title='bbox 299 949 477 984; x_wconf 84' lang='lat' dir='ltr'><strong>orationis</strong></span> <span class='ocrx_word' id='word_1_138' title='bbox 503 948 753 995; x_wconf 88' lang='lat' dir='ltr'><strong>paragraphos</strong></span> <span class='ocrx_word' id='word_1_139' title='bbox 779 948 966 983; x_wconf 86' lang='lat' dir='ltr'><strong>imitatum</strong></span> <span class='ocrx_word' id='word_1_140' title='bbox 993 960 1075 984; x_wconf 89' lang='lat' dir='ltr'><strong>esse</strong></span> <span class='ocrx_word' id='word_1_141' title='bbox 1102 947 1368 984; x_wconf 88' lang='lat' dir='ltr'><strong>contendimus.</strong></span> 
     </span>
    </p>

    <p class='ocr_par' dir='ltr' id='par_1_4' title="bbox 139 1001 1557 1467">
     <span class='ocr_line' id='line_1_17' title="bbox 256 1001 1553 1048; baseline -0.002 -10"><span class='ocrx_word' id='word_1_142' title='bbox 256 1002 409 1047; x_wconf 85' lang='lat' dir='ltr'><strong>Deinde,</strong></span> <span class='ocrx_word' id='word_1_143' title='bbox 445 1004 489 1037; x_wconf 86' lang='lat' dir='ltr'><strong>ut</strong></span> <span class='ocrx_word' id='word_1_144' title='bbox 521 1002 715 1038; x_wconf 87' lang='lat' dir='ltr'><strong>redeamus</strong></span> <span class='ocrx_word' id='word_1_145' title='bbox 750 1002 798 1037; x_wconf 91' lang='lat' dir='ltr'><strong>ad</strong></span> <span class='ocrx_word' id='word_1_146' title='bbox 833 1004 1060 1046; x_wconf 83' lang='lat' dir='ltr'><strong>argumenta,</strong></span> <span class='ocrx_word' id='word_1_147' title='bbox 1097 1002 1229 1048; x_wconf 91' lang='lat' dir='ltr'><strong>quibus</strong></span> <span class='ocrx_word' id='word_1_148' title='bbox 1256 1001 1452 1048; x_wconf 86' lang='lat' dir='ltr'><strong>epistulam</strong></span> <span class='ocrx_word' id='word_1_149' title='bbox 1479 1012 1553 1037; x_wconf 92' lang='lat' dir='ltr'><strong>non</strong></span> 
     </span>
     <span class='ocr_line' id='line_1_18' title="bbox 139 1054 1555 1102; baseline -0.001 -11"><span class='ocrx_word' id='word_1_150' title='bbox 139 1067 220 1092; x_wconf 86' lang='lat' dir='ltr'><strong>esse</strong></span> <span class='ocrx_word' id='word_1_151' title='bbox 247 1055 419 1091; x_wconf 90' lang='lat' dir='ltr'><strong>Isocratis</strong></span> <span class='ocrx_word' id='word_1_152' title='bbox 455 1055 738 1099; x_wconf 83' lang='lat' dir='ltr'><strong>demonstratur,</strong></span> <span class='ocrx_word' id='word_1_153' title='bbox 774 1054 904 1091; x_wconf 87' lang='lat' dir='ltr'><strong>Gratia</strong></span> <span class='ocrx_word' id='word_1_154' title='bbox 930 1054 961 1098; x_wconf 90' lang='lat' dir='ltr'><strong>(l.</strong></span> <span class='ocrx_word' id='word_1_155' title='bbox 979 1055 1000 1090; x_wconf 93' lang='lat' dir='ltr'><strong>l.</strong></span> <span class='ocrx_word' id='word_1_156' title='bbox 1028 1068 1059 1102; x_wconf 94' lang='lat' dir='ltr'><strong>p.</strong></span> <span class='ocrx_word' id='word_1_157' title='bbox 1078 1056 1136 1100; x_wconf 82' lang='lat'><strong>62)</strong></span> <span class='ocrx_word' id='word_1_158' title='bbox 1163 1058 1260 1090; x_wconf 88' lang='lat' dir='ltr'><strong>recte</strong></span> <span class='ocrx_word' id='word_1_159' title='bbox 1287 1055 1395 1091; x_wconf 84' lang='lat' dir='ltr'><strong>dixit:</strong></span> <span class='ocrx_word' id='word_1_160' title='bbox 1433 1066 1555 1101; x_wconf 88' lang='lat' dir='ltr'><strong>„anno</strong></span> 
     </span>
     <span class='ocr_line' id='line_1_19' title="bbox 139 1107 1555 1156; baseline -0.001 -12"><span class='ocrx_word' id='word_1_161' title='bbox 139 1109 212 1145; x_wconf 85' lang='lat'><strong>356</strong></span> <span class='ocrx_word' id='word_1_162' title='bbox 249 1108 387 1144; x_wconf 91' lang='lat' dir='ltr'><strong>bellum</strong></span> <span class='ocrx_word' id='word_1_163' title='bbox 424 1109 556 1144; x_wconf 86' lang='lat' dir='ltr'><strong>sociale</strong></span> <span class='ocrx_word' id='word_1_164' title='bbox 591 1108 755 1155; x_wconf 86' lang='lat' dir='ltr'><strong>ardebat,</strong></span> <span class='ocrx_word' id='word_1_165' title='bbox 790 1110 829 1144; x_wconf 91' lang='lat' dir='ltr'><strong>et</strong></span> <span class='ocrx_word' id='word_1_166' title='bbox 861 1109 942 1144; x_wconf 83' lang='lat' dir='ltr'><strong>fieri</strong></span> <span class='ocrx_word' id='word_1_167' title='bbox 968 1120 1043 1144; x_wconf 95' lang='lat' dir='ltr'><strong>non</strong></span> <span class='ocrx_word' id='word_1_168' title='bbox 1070 1110 1200 1156; x_wconf 91' lang='lat' dir='ltr'><strong>potuit,</strong></span> <span class='ocrx_word' id='word_1_169' title='bbox 1229 1112 1271 1145; x_wconf 94' lang='lat' dir='ltr'><strong>ut</strong></span> <span class='ocrx_word' id='word_1_170' title='bbox 1296 1109 1477 1145; x_wconf 90' lang='lat' dir='ltr'><strong>Isocrates</strong></span> <span class='ocrx_word' id='word_1_171' title='bbox 1503 1107 1555 1143; x_wconf 92' lang='lat' dir='ltr'><strong>nil</strong></span> 
     </span>
     <span class='ocr_line' id='line_1_20' title="bbox 141 1162 1553 1209; baseline -0.001 -11"><span class='ocrx_word' id='word_1_172' title='bbox 141 1162 185 1198; x_wconf 92' lang='lat' dir='ltr'><strong>de</strong></span> <span class='ocrx_word' id='word_1_173' title='bbox 213 1175 256 1198; x_wconf 92' lang='lat' dir='ltr'><strong>eo</strong></span> <span class='ocrx_word' id='word_1_174' title='bbox 284 1162 452 1198; x_wconf 84' lang='lat' dir='ltr'><strong>diceret.“</strong></span> <span class='ocrx_word' id='word_1_175' title='bbox 497 1162 592 1197; x_wconf 90' lang='lat' dir='ltr'><strong>Nam</strong></span> <span class='ocrx_word' id='word_1_176' title='bbox 618 1163 781 1209; x_wconf 85' lang='lat' dir='ltr'><strong>profecto</strong></span> <span class='ocrx_word' id='word_1_177' title='bbox 809 1163 939 1197; x_wconf 91' lang='lat' dir='ltr'><strong>mirum</strong></span> <span class='ocrx_word' id='word_1_178' title='bbox 967 1165 1066 1198; x_wconf 89' lang='lat' dir='ltr'><strong>esset</strong></span> <span class='ocrx_word' id='word_1_179' title='bbox 1083 1163 1282 1199; x_wconf 81' lang='lat' dir='ltr'><strong>Isocratem</strong></span> <span class='ocrx_word' id='word_1_180' title='bbox 1300 1175 1342 1198; x_wconf 96' lang='lat' dir='ltr'><strong>eo</strong></span> <span class='ocrx_word' id='word_1_181' title='bbox 1360 1164 1439 1209; x_wconf 86' lang='lat' dir='ltr'><strong>ipso</strong></span> <span class='ocrx_word' id='word_1_182' title='bbox 1457 1166 1553 1198; x_wconf 90' lang='lat' dir='ltr'><strong>tem-</strong></span> 
     </span>
     <span class='ocr_line' id='line_1_21' title="bbox 140 1215 1554 1263; baseline 0 -12"><span class='ocrx_word' id='word_1_183' title='bbox 140 1228 239 1263; x_wconf 91' lang='lat' dir='ltr'><strong>pore,</strong></span> <span class='ocrx_word' id='word_1_184' title='bbox 268 1228 352 1252; x_wconf 86' lang='lat' dir='ltr'><strong>cum</strong></span> <span class='ocrx_word' id='word_1_185' title='bbox 379 1228 476 1252; x_wconf 88' lang='lat' dir='ltr'><strong>anno</strong></span> <span class='ocrx_word' id='word_1_186' title='bbox 503 1221 591 1252; x_wconf 88' lang='lat' dir='ltr'><strong>ante</strong></span> <span class='ocrx_word' id='word_1_187' title='bbox 618 1216 707 1252; x_wconf 87' lang='lat' dir='ltr'><strong>socii</strong></span> <span class='ocrx_word' id='word_1_188' title='bbox 734 1215 945 1252; x_wconf 84' lang='lat' dir='ltr'><strong>defecerant</strong></span> <span class='ocrx_word' id='word_1_189' title='bbox 963 1218 1001 1251; x_wconf 89' lang='lat' dir='ltr'><strong>et</strong></span> <span class='ocrx_word' id='word_1_190' title='bbox 1019 1216 1266 1252; x_wconf 89' lang='lat' dir='ltr'><strong>Athenienses</strong></span> <span class='ocrx_word' id='word_1_191' title='bbox 1284 1218 1433 1252; x_wconf 89' lang='lat' dir='ltr'><strong>strenue</strong></span> <span class='ocrx_word' id='word_1_192' title='bbox 1451 1228 1554 1251; x_wconf 90' lang='lat' dir='ltr'><strong>sum-</strong></span> 
     </span>
     <span class='ocr_line' id='line_1_22' title="bbox 140 1269 1557 1317; baseline 0 -11"><span class='ocrx_word' id='word_1_193' title='bbox 140 1282 275 1317; x_wconf 90' lang='lat' dir='ltr'><strong>maque</strong></span> <span class='ocrx_word' id='word_1_194' title='bbox 295 1282 406 1316; x_wconf 90' lang='lat' dir='ltr'><strong>opera</strong></span> <span class='ocrx_word' id='word_1_195' title='bbox 425 1269 558 1306; x_wconf 90' lang='lat' dir='ltr'><strong>bellum</strong></span> <span class='ocrx_word' id='word_1_196' title='bbox 577 1270 764 1315; x_wconf 87' lang='lat' dir='ltr'><strong>gerebant,</strong></span> <span class='ocrx_word' id='word_1_197' title='bbox 785 1269 921 1306; x_wconf 90' lang='lat' dir='ltr'><strong>bellum</strong></span> <span class='ocrx_word' id='word_1_198' title='bbox 934 1269 1129 1306; x_wconf 88' lang='lat' dir='ltr'><strong>Persarum</strong></span> <span class='ocrx_word' id='word_1_199' title='bbox 1142 1270 1346 1306; x_wconf 88' lang='lat' dir='ltr'><strong>intendisse</strong></span> <span class='ocrx_word' id='word_1_200' title='bbox 1361 1270 1557 1306; x_wconf 67' lang='lat' dir='ltr'><strong>sociorum-</strong></span> 
     </span>
     <span class='ocr_line' id='line_1_23' title="bbox 142 1323 1557 1371; baseline 0.001 -12"><span class='ocrx_word' id='word_1_201' title='bbox 142 1335 212 1371; x_wconf 92' lang='lat' dir='ltr'><strong>que</strong></span> <span class='ocrx_word' id='word_1_202' title='bbox 239 1323 458 1368; x_wconf 82' lang='lat' dir='ltr'><strong>neglexisse,</strong></span> <span class='ocrx_word' id='word_1_203' title='bbox 485 1324 702 1371; x_wconf 84' lang='lat' dir='ltr'><strong>praesertim</strong></span> <span class='ocrx_word' id='word_1_204' title='bbox 728 1336 811 1360; x_wconf 89' lang='lat' dir='ltr'><strong>cum</strong></span> <span class='ocrx_word' id='word_1_205' title='bbox 837 1324 968 1370; x_wconf 90' lang='lat' dir='ltr'><strong>quanti</strong></span> <span class='ocrx_word' id='word_1_206' title='bbox 994 1324 1171 1360; x_wconf 91' lang='lat' dir='ltr'><strong>momenti</strong></span> <span class='ocrx_word' id='word_1_207' title='bbox 1194 1324 1266 1360; x_wconf 89' lang='lat' dir='ltr'><strong>hoc</strong></span> <span class='ocrx_word' id='word_1_208' title='bbox 1288 1324 1429 1360; x_wconf 90' lang='lat' dir='ltr'><strong>civibus</strong></span> <span class='ocrx_word' id='word_1_209' title='bbox 1446 1326 1557 1368; x_wconf 85' lang='lat' dir='ltr'><strong>esset,</strong></span> 
     </span>
     <span class='ocr_line' id='line_1_24' title="bbox 141 1377 1555 1424; baseline 0.001 -12"><span class='ocrx_word' id='word_1_210' title='bbox 141 1389 216 1413; x_wconf 93' lang='lat' dir='ltr'><strong>non</strong></span> <span class='ocrx_word' id='word_1_211' title='bbox 243 1377 438 1423; x_wconf 86' lang='lat' dir='ltr'><strong>ignoraret,</strong></span> <span class='ocrx_word' id='word_1_212' title='bbox 466 1377 502 1413; x_wconf 94' lang='lat' dir='ltr'><strong>id</strong></span> <span class='ocrx_word' id='word_1_213' title='bbox 529 1378 626 1424; x_wconf 91' lang='lat' dir='ltr'><strong>quod</strong></span> <span class='ocrx_word' id='word_1_214' title='bbox 645 1377 765 1413; x_wconf 90' lang='lat' dir='ltr'><strong>elucet</strong></span> <span class='ocrx_word' id='word_1_215' title='bbox 783 1389 829 1412; x_wconf 88' lang='lat' dir='ltr'><strong>ex</strong></span> <span class='ocrx_word' id='word_1_216' title='bbox 847 1389 895 1413; x_wconf 90' lang='lat' dir='ltr'><strong>or.</strong></span> <span class='ocrx_word' id='word_1_217' title='bbox 913 1378 947 1422; x_wconf 85' lang='lat'><strong>8,</strong></span> <span class='ocrx_word' id='word_1_218' title='bbox 976 1389 1087 1424; x_wconf 88' lang='lat' dir='ltr'><strong>quam</strong></span> <span class='ocrx_word' id='word_1_219' title='bbox 1105 1389 1203 1413; x_wconf 92' lang='lat' dir='ltr'><strong>anno</strong></span> <span class='ocrx_word' id='word_1_220' title='bbox 1222 1378 1293 1413; x_wconf 90' lang='lat'><strong>356</strong></span> <span class='ocrx_word' id='word_1_221' title='bbox 1312 1377 1555 1424; x_wconf 87' lang='lat' dir='ltr'><strong>conscriptam</strong></span> 
     </span>
     <span class='ocr_line' id='line_1_25' title="bbox 143 1431 671 1467; baseline 0 -1"><span class='ocrx_word' id='word_1_222' title='bbox 143 1443 225 1466; x_wconf 88' lang='lat' dir='ltr'><strong>esse</strong></span> <span class='ocrx_word' id='word_1_223' title='bbox 252 1431 329 1466; x_wconf 88' lang='lat' dir='ltr'><strong>veri</strong></span> <span class='ocrx_word' id='word_1_224' title='bbox 356 1434 415 1467; x_wconf 89' lang='lat' dir='ltr'><strong>est</strong></span> <span class='ocrx_word' id='word_1_225' title='bbox 440 1432 671 1467; x_wconf 88' lang='lat' dir='ltr'><strong>simillimum.</strong></span> 
     </span>
    </p>

    <p class='ocr_par' dir='ltr' id='par_1_5' title="bbox 142 1484 1611 2226">
     <span class='ocr_line' id='line_1_26' title="bbox 260 1484 1557 1531; baseline 0.001 -12"><span class='ocrx_word' id='word_1_226' title='bbox 260 1484 459 1520; x_wconf 88' lang='lat' dir='ltr'><strong>Praeterea</strong></span> <span class='ocrx_word' id='word_1_227' title='bbox 484 1496 581 1520; x_wconf 87' lang='lat' dir='ltr'><strong>anno</strong></span> <span class='ocrx_word' id='word_1_228' title='bbox 609 1485 680 1520; x_wconf 88' lang='lat'><strong>356</strong></span> <span class='ocrx_word' id='word_1_229' title='bbox 698 1485 895 1520; x_wconf 89' lang='lat' dir='ltr'><strong>Isocratem</strong></span> <span class='ocrx_word' id='word_1_230' title='bbox 922 1496 998 1520; x_wconf 89' lang='lat' dir='ltr'><strong>non</strong></span> <span class='ocrx_word' id='word_1_231' title='bbox 1024 1485 1188 1531; x_wconf 88' lang='lat' dir='ltr'><strong>potuisse</strong></span> <span class='ocrx_word' id='word_1_232' title='bbox 1214 1485 1267 1520; x_wconf 88' lang='lat' dir='ltr'><strong>ita</strong></span> <span class='ocrx_word' id='word_1_233' title='bbox 1293 1485 1337 1520; x_wconf 90' lang='lat' dir='ltr'><strong>de</strong></span> <span class='ocrx_word' id='word_1_234' title='bbox 1364 1485 1557 1520; x_wconf 87' lang='lat' dir='ltr'><strong>senectute</strong></span> 
     </span>
     <span class='ocr_line' id='line_1_27' title="bbox 143 1537 1559 1586; baseline 0 -12"><span class='ocrx_word' id='word_1_235' title='bbox 143 1537 271 1584; x_wconf 81' lang='lat' dir='ltr'><strong>dicere,</strong></span> <span class='ocrx_word' id='word_1_236' title='bbox 299 1540 342 1574; x_wconf 78' lang='lat' dir='ltr'><strong>ut</strong></span> <span class='ocrx_word' id='word_1_237' title='bbox 367 1539 405 1574; x_wconf 86' lang='lat' dir='ltr'><strong>in</strong></span> <span class='ocrx_word' id='word_1_238' title='bbox 431 1550 506 1586; x_wconf 87' lang='lat' dir='ltr'><strong>par.</strong></span> <span class='ocrx_word' id='word_1_239' title='bbox 528 1540 572 1574; x_wconf 89' lang='grc'><strong>16</strong></span> <span class='ocrx_word' id='word_1_240' title='bbox 598 1540 723 1585; x_wconf 87' lang='grc' dir='ltr'><strong><em>καίπερ</em></strong></span> <span class='ocrx_word' id='word_1_241' title='bbox 750 1541 806 1585; x_wconf 84' lang='grc' dir='ltr'><strong>ἔτη</strong></span> <span class='ocrx_word' id='word_1_242' title='bbox 834 1539 990 1584; x_wconf 81' lang='grc' dir='ltr'><strong><em>γεγονὼς</em></strong></span> <span class='ocrx_word' id='word_1_243' title='bbox 1016 1540 1232 1585; x_wconf 79' lang='grc' dir='ltr'><strong><em>ὀγδοήκοντα</em></strong></span> <span class='ocrx_word' id='word_1_244' title='bbox 1257 1540 1317 1574; x_wconf 84' lang='grc' dir='ltr'><strong>καὶ</strong></span> <span class='ocrx_word' id='word_1_245' title='bbox 1341 1541 1559 1575; x_wconf 81' lang='grc' dir='ltr'><strong><em>παντάπασιν</em></strong></span> 
     </span>
     <span class='ocr_line' id='line_1_28' title="bbox 142 1592 1611 1641; baseline 0 -14"><span class='ocrx_word' id='word_1_246' title='bbox 142 1594 346 1638; x_wconf 82' lang='grc' dir='ltr'><strong><em>ἀπειρηκὼς</em></strong></span> <span class='ocrx_word' id='word_1_247' title='bbox 374 1592 679 1628; x_wconf 88' lang='lat' dir='ltr'><strong>Wilamowitzius</strong></span> <span class='ocrx_word' id='word_1_248' title='bbox 712 1594 811 1627; x_wconf 91' lang='lat' dir='ltr'><strong>recte</strong></span> <span class='ocrx_word' id='word_1_249' title='bbox 847 1592 1069 1628; x_wconf 82' lang='lat' dir='ltr'><strong>observavit.</strong></span> <span class='ocrx_word' id='word_1_250' title='bbox 1120 1593 1247 1639; x_wconf 90' lang='lat' dir='ltr'><strong>Neque</strong></span> <span class='ocrx_word' id='word_1_251' title='bbox 1282 1604 1368 1628; x_wconf 90' lang='lat' dir='ltr'><strong>vero</strong></span> <span class='ocrx_word' id='word_1_252' title='bbox 1402 1603 1556 1627; x_wconf 88' lang='lat' dir='ltr'><strong>excusa·</strong></span> <span class='ocrx_word' id='word_1_253' title='bbox 1601 1631 1611 1641; x_wconf 89' lang='lat'>.</span> 
     </span>
     <span class='ocr_line' id='line_1_29' title="bbox 142 1645 1560 1693; baseline 0.001 -13"><span class='ocrx_word' id='word_1_254' title='bbox 142 1646 281 1681; x_wconf 87' lang='lat' dir='ltr'><strong>tionem</strong></span> <span class='ocrx_word' id='word_1_255' title='bbox 315 1646 445 1693; x_wconf 93' lang='lat' dir='ltr'><strong>ipsam,</strong></span> <span class='ocrx_word' id='word_1_256' title='bbox 485 1646 551 1681; x_wconf 86' lang='lat' dir='ltr'><strong>sed</strong></span> <span class='ocrx_word' id='word_1_257' title='bbox 585 1646 703 1691; x_wconf 86' lang='lat' dir='ltr'><strong>magis</strong></span> <span class='ocrx_word' id='word_1_258' title='bbox 741 1646 854 1682; x_wconf 90' lang='lat' dir='ltr'><strong>etiam</strong></span> <span class='ocrx_word' id='word_1_259' title='bbox 889 1648 1008 1681; x_wconf 86' lang='lat' dir='ltr'><strong>totam</strong></span> <span class='ocrx_word' id='word_1_260' title='bbox 1042 1647 1121 1681; x_wconf 90' lang='lat' dir='ltr'><strong>eius</strong></span> <span class='ocrx_word' id='word_1_261' title='bbox 1155 1645 1315 1682; x_wconf 89' lang='lat' dir='ltr'><strong>indolem</strong></span> <span class='ocrx_word' id='word_1_262' title='bbox 1351 1645 1560 1691; x_wconf 88' lang='lat' dir='ltr'><strong>argumenti</strong></span> 
     </span>
     <span class='ocr_line' id='line_1_30' title="bbox 142 1698 1559 1747; baseline 0 -12"><span class='ocrx_word' id='word_1_263' title='bbox 142 1698 221 1735; x_wconf 88' lang='lat' dir='ltr'><strong>loco</strong></span> <span class='ocrx_word' id='word_1_264' title='bbox 270 1711 351 1735; x_wconf 88' lang='lat' dir='ltr'><strong>esse</strong></span> <span class='ocrx_word' id='word_1_265' title='bbox 401 1699 612 1736; x_wconf 84' lang='lat' dir='ltr'><strong>habendam</strong></span> <span class='ocrx_word' id='word_1_266' title='bbox 650 1700 758 1736; x_wconf 90' lang='lat' dir='ltr'><strong>nobis</strong></span> <span class='ocrx_word' id='word_1_267' title='bbox 796 1700 1057 1747; x_wconf 86' lang='lat' dir='ltr'><strong>persuasimus.</strong></span> <span class='ocrx_word' id='word_1_268' title='bbox 1119 1699 1216 1735; x_wconf 91' lang='lat' dir='ltr'><strong>Nam</strong></span> <span class='ocrx_word' id='word_1_269' title='bbox 1253 1700 1292 1735; x_wconf 91' lang='lat' dir='ltr'><strong>in</strong></span> <span class='ocrx_word' id='word_1_270' title='bbox 1329 1698 1559 1747; x_wconf 88' lang='lat' dir='ltr'><strong>perlegendis</strong></span> 
     </span>
     <span class='ocr_line' id='line_1_31' title="bbox 145 1753 1557 1800; baseline 0 -12"><span class='ocrx_word' id='word_1_271' title='bbox 145 1753 372 1788; x_wconf 87' lang='lat' dir='ltr'><strong>orationibus</strong></span> <span class='ocrx_word' id='word_1_272' title='bbox 397 1753 466 1789; x_wconf 91' lang='lat' dir='ltr'><strong>hos</strong></span> <span class='ocrx_word' id='word_1_273' title='bbox 492 1754 705 1790; x_wconf 82' lang='lat' dir='ltr'><strong>invenimus</strong></span> <span class='ocrx_word' id='word_1_274' title='bbox 731 1753 842 1798; x_wconf 86' lang='lat' dir='ltr'><strong>locos,</strong></span> <span class='ocrx_word' id='word_1_275' title='bbox 870 1754 1003 1800; x_wconf 92' lang='lat' dir='ltr'><strong>quibus</strong></span> <span class='ocrx_word' id='word_1_276' title='bbox 1029 1754 1089 1789; x_wconf 90' lang='lat' dir='ltr'><strong>ille</strong></span> <span class='ocrx_word' id='word_1_277' title='bbox 1115 1753 1160 1788; x_wconf 91' lang='lat' dir='ltr'><strong>de</strong></span> <span class='ocrx_word' id='word_1_278' title='bbox 1187 1755 1378 1789; x_wconf 88' lang='lat' dir='ltr'><strong>senectute</strong></span> <span class='ocrx_word' id='word_1_279' title='bbox 1404 1756 1447 1789; x_wconf 90' lang='lat' dir='ltr'><strong>ut</strong></span> <span class='ocrx_word' id='word_1_280' title='bbox 1464 1764 1557 1800; x_wconf 92' lang='lat' dir='ltr'><strong>quo-</strong></span> 
     </span>
     <span class='ocr_line' id='line_1_32' title="bbox 145 1806 1559 1853; baseline 0.001 -12"><span class='ocrx_word' id='word_1_281' title='bbox 145 1806 339 1842; x_wconf 90' lang='lat' dir='ltr'><strong>dammodo</strong></span> <span class='ocrx_word' id='word_1_282' title='bbox 377 1818 416 1843; x_wconf 90' lang='lat' dir='ltr'><strong>se</strong></span> <span class='ocrx_word' id='word_1_283' title='bbox 443 1809 604 1853; x_wconf 87' lang='lat' dir='ltr'><strong>excuset,</strong></span> <span class='ocrx_word' id='word_1_284' title='bbox 639 1807 754 1844; x_wconf 87' lang='lat' dir='ltr'><strong>verba</strong></span> <span class='ocrx_word' id='word_1_285' title='bbox 778 1807 886 1844; x_wconf 89' lang='lat' dir='ltr'><strong>facit:</strong></span> <span class='ocrx_word' id='word_1_286' title='bbox 922 1807 1049 1853; x_wconf 86' lang='lat'><strong>8,145.</strong></span> <span class='ocrx_word' id='word_1_287' title='bbox 1078 1807 1134 1852; x_wconf 88' lang='lat'><strong>15,</strong></span> <span class='ocrx_word' id='word_1_288' title='bbox 1146 1806 1248 1843; x_wconf 86' lang='lat'>9.11.</span> <span class='ocrx_word' id='word_1_289' title='bbox 1262 1807 1319 1843; x_wconf 84' lang='lat'><strong>26.</strong></span> <span class='ocrx_word' id='word_1_290' title='bbox 1334 1808 1390 1843; x_wconf 87' lang='lat'><strong>51.</strong></span> <span class='ocrx_word' id='word_1_291' title='bbox 1405 1807 1461 1843; x_wconf 85' lang='lat'><strong>59.</strong></span> <span class='ocrx_word' id='word_1_292' title='bbox 1477 1807 1559 1844; x_wconf 82' lang='lat'>176.</span> 
     </span>
     <span class='ocr_line' id='line_1_33' title="bbox 145 1860 1558 1908; baseline 0.001 -13"><span class='ocrx_word' id='word_1_293' title='bbox 145 1860 511 1904; x_wconf 83' lang='lat'><strong>5,10.28.110.149.</strong></span> <span class='ocrx_word' id='word_1_294' title='bbox 540 1861 596 1905; x_wconf 82' lang='lat'><strong>12,</strong></span> <span class='ocrx_word' id='word_1_295' title='bbox 609 1861 641 1897; x_wconf 89' lang='lat'><strong>3.</strong></span> <span class='ocrx_word' id='word_1_296' title='bbox 655 1862 713 1897; x_wconf 83' lang='lat'><strong>55.</strong></span> <span class='ocrx_word' id='word_1_297' title='bbox 727 1861 784 1898; x_wconf 79' lang='lat'><strong>88.</strong></span> <span class='ocrx_word' id='word_1_298' title='bbox 836 1860 936 1896; x_wconf 85' lang='lat' dir='ltr'><strong>Talis</strong></span> <span class='ocrx_word' id='word_1_299' title='bbox 972 1864 1098 1896; x_wconf 90' lang='lat' dir='ltr'><strong>autem</strong></span> <span class='ocrx_word' id='word_1_300' title='bbox 1133 1861 1334 1907; x_wconf 86' lang='lat' dir='ltr'><strong>excusatio,</strong></span> <span class='ocrx_word' id='word_1_301' title='bbox 1371 1861 1489 1908; x_wconf 90' lang='lat' dir='ltr'><strong>qualis</strong></span> <span class='ocrx_word' id='word_1_302' title='bbox 1519 1861 1558 1896; x_wconf 89' lang='lat' dir='ltr'><strong>in</strong></span> 
     </span>
     <span class='ocr_line' id='line_1_34' title="bbox 147 1913 1561 1962; baseline 0.001 -14"><span class='ocrx_word' id='word_1_303' title='bbox 147 1913 307 1960; x_wconf 83' lang='lat' dir='ltr'><strong>epistula</strong></span> <span class='ocrx_word' id='word_1_304' title='bbox 340 1913 483 1958; x_wconf 82' lang='lat' dir='ltr'><strong>legitur,</strong></span> <span class='ocrx_word' id='word_1_305' title='bbox 518 1914 619 1950; x_wconf 92' lang='lat' dir='ltr'><strong>nullo</strong></span> <span class='ocrx_word' id='word_1_306' title='bbox 645 1914 717 1950; x_wconf 91' lang='lat' dir='ltr'><strong>alio</strong></span> <span class='ocrx_word' id='word_1_307' title='bbox 743 1914 821 1950; x_wconf 91' lang='lat' dir='ltr'><strong>loco</strong></span> <span class='ocrx_word' id='word_1_308' title='bbox 848 1914 1036 1949; x_wconf 90' lang='lat' dir='ltr'><strong>invenitur</strong></span> <span class='ocrx_word' id='word_1_309' title='bbox 1061 1914 1132 1949; x_wconf 91' lang='lat' dir='ltr'><strong>nisi</strong></span> <span class='ocrx_word' id='word_1_310' title='bbox 1158 1925 1211 1961; x_wconf 91' lang='lat' dir='ltr'><strong>ep.</strong></span> <span class='ocrx_word' id='word_1_311' title='bbox 1230 1914 1315 1962; x_wconf 32' lang='lat'><strong>3‚4‚:</strong></span> <span class='ocrx_word' id='word_1_312' title='bbox 1350 1917 1382 1950; x_wconf 81' lang='grc' dir='ltr'><strong>εἰ</strong></span> <span class='ocrx_word' id='word_1_313' title='bbox 1402 1916 1469 1960; x_wconf 86' lang='grc' dir='ltr'><strong>μὲν</strong></span> <span class='ocrx_word' id='word_1_314' title='bbox 1494 1914 1561 1950; x_wconf 84' lang='grc' dir='ltr'><strong>οὖν</strong></span> 
     </span>
     <span class='ocr_line' id='line_1_35' title="bbox 146 1967 1561 2014; baseline 0.001 -11"><span class='ocrx_word' id='word_1_315' title='bbox 146 1968 241 2013; x_wconf 85' lang='grc' dir='ltr'><strong><em>εἶχον</em></strong></span> <span class='ocrx_word' id='word_1_316' title='bbox 279 1967 342 2012; x_wconf 82' lang='grc' dir='ltr'><strong>τὴν</strong></span> <span class='ocrx_word' id='word_1_317' title='bbox 380 1968 487 2012; x_wconf 80' lang='grc' dir='ltr'><strong><em>αὐτὴν</em></strong></span> <span class='ocrx_word' id='word_1_318' title='bbox 526 1968 683 2013; x_wconf 78' lang='grc' dir='ltr'><strong><em>δύναμιν,</em></strong></span> <span class='ocrx_word' id='word_1_319' title='bbox 719 1970 830 2014; x_wconf 83' lang='grc' dir='ltr'><strong><em>ἤνπερ</em></strong></span> <span class='ocrx_word' id='word_1_320' title='bbox 855 1968 1037 2013; x_wconf 87' lang='grc' dir='ltr'><strong><em>πρότερον,</em></strong></span> <span class='ocrx_word' id='word_1_321' title='bbox 1076 1969 1134 2003; x_wconf 83' lang='grc' dir='ltr'><strong>καὶ</strong></span> <span class='ocrx_word' id='word_1_322' title='bbox 1172 1969 1222 2014; x_wconf 88' lang='grc' dir='ltr'><strong>μὴ</strong></span> <span class='ocrx_word' id='word_1_323' title='bbox 1261 1970 1478 2004; x_wconf 86' lang='grc' dir='ltr'><strong><em>παντάπασιν</em></strong></span> <span class='ocrx_word' id='word_1_324' title='bbox 1515 1968 1561 2014; x_wconf 81' lang='grc' dir='ltr'><strong>ἢν</strong></span> 
     </span>
     <span class='ocr_line' id='line_1_36' title="bbox 146 2020 1561 2066; baseline 0.001 -11"><span class='ocrx_word' id='word_1_325' title='bbox 146 2022 363 2065; x_wconf 83' lang='grc' dir='ltr'><strong><em>ἀπειρηκώς.</em></strong></span> <span class='ocrx_word' id='word_1_326' title='bbox 423 2020 552 2066; x_wconf 85' lang='lat' dir='ltr'><strong>Itaque</strong></span> <span class='ocrx_word' id='word_1_327' title='bbox 587 2020 670 2066; x_wconf 90' lang='lat' dir='ltr'><strong>plus</strong></span> <span class='ocrx_word' id='word_1_328' title='bbox 707 2021 885 2056; x_wconf 89' lang='lat' dir='ltr'><strong>momenti</strong></span> <span class='ocrx_word' id='word_1_329' title='bbox 914 2021 1109 2056; x_wconf 89' lang='lat' dir='ltr'><strong>tribuimus</strong></span> <span class='ocrx_word' id='word_1_330' title='bbox 1138 2021 1279 2057; x_wconf 81' lang='lat' dir='ltr'><strong>formae</strong></span> <span class='ocrx_word' id='word_1_331' title='bbox 1310 2022 1561 2059; x_wconf 84' lang='lat' dir='ltr'><strong>excusationis</strong></span> 
     </span>
     <span class='ocr_line' id='line_1_37' title="bbox 146 2073 1558 2120; baseline 0.002 -12"><span class='ocrx_word' id='word_1_332' title='bbox 146 2084 258 2119; x_wconf 89' lang='lat' dir='ltr'><strong>quam</strong></span> <span class='ocrx_word' id='word_1_333' title='bbox 295 2073 527 2108; x_wconf 87' lang='lat' dir='ltr'><strong>excusationi</strong></span> <span class='ocrx_word' id='word_1_334' title='bbox 560 2073 640 2120; x_wconf 90' lang='lat' dir='ltr'><strong>ipsi,</strong></span> <span class='ocrx_word' id='word_1_335' title='bbox 675 2073 890 2119; x_wconf 88' lang='lat' dir='ltr'><strong>praesertim</strong></span> <span class='ocrx_word' id='word_1_336' title='bbox 925 2084 1008 2108; x_wconf 91' lang='lat' dir='ltr'><strong>cum</strong></span> <span class='ocrx_word' id='word_1_337' title='bbox 1041 2074 1078 2109; x_wconf 92' lang='lat' dir='ltr'><strong>in</strong></span> <span class='ocrx_word' id='word_1_338' title='bbox 1112 2075 1145 2110; x_wconf 84' lang='lat'><strong>8.</strong></span> <span class='ocrx_word' id='word_1_339' title='bbox 1172 2077 1210 2110; x_wconf 90' lang='lat' dir='ltr'><strong>et</strong></span> <span class='ocrx_word' id='word_1_340' title='bbox 1237 2075 1292 2111; x_wconf 87' lang='lat'><strong>15.</strong></span> <span class='ocrx_word' id='word_1_341' title='bbox 1319 2075 1558 2119; x_wconf 83' lang='lat' dir='ltr'><strong>orationibus,</strong></span> 
     </span>
     <span class='ocr_line' id='line_1_38' title="bbox 145 2125 1562 2175; baseline 0.002 -13"><span class='ocrx_word' id='word_1_342' title='bbox 145 2138 241 2174; x_wconf 88' lang='lat' dir='ltr'><strong>quae</strong></span> <span class='ocrx_word' id='word_1_343' title='bbox 277 2125 406 2163; x_wconf 90' lang='lat' dir='ltr'><strong>eodem</strong></span> <span class='ocrx_word' id='word_1_344' title='bbox 441 2125 518 2162; x_wconf 84' lang='lat' dir='ltr'><strong>fere</strong></span> <span class='ocrx_word' id='word_1_345' title='bbox 553 2129 717 2173; x_wconf 89' lang='lat' dir='ltr'><strong>tempore</strong></span> <span class='ocrx_word' id='word_1_346' title='bbox 752 2129 864 2173; x_wconf 88' lang='lat' dir='ltr'><strong>atque</strong></span> <span class='ocrx_word' id='word_1_347' title='bbox 900 2127 1057 2173; x_wconf 86' lang='lat' dir='ltr'><strong>epistula</strong></span> <span class='ocrx_word' id='word_1_348' title='bbox 1082 2129 1274 2175; x_wconf 88' lang='lat' dir='ltr'><strong>ponendae</strong></span> <span class='ocrx_word' id='word_1_349' title='bbox 1300 2131 1399 2174; x_wconf 88' lang='lat' dir='ltr'><strong>sunt,</strong></span> <span class='ocrx_word' id='word_1_350' title='bbox 1425 2129 1489 2165; x_wconf 85' lang='lat' dir='ltr'><strong>illa</strong></span> <span class='ocrx_word' id='word_1_351' title='bbox 1514 2128 1562 2164; x_wconf 91' lang='lat' dir='ltr'><strong>de</strong></span> 
     </span>
     <span class='ocr_line' id='line_1_39' title="bbox 146 2180 845 2226; baseline -0.001 -10"><span class='ocrx_word' id='word_1_352' title='bbox 146 2182 339 2216; x_wconf 89' lang='lat' dir='ltr'><strong>senectute</strong></span> <span class='ocrx_word' id='word_1_353' title='bbox 367 2180 466 2216; x_wconf 89' lang='lat' dir='ltr'><strong>dicta</strong></span> <span class='ocrx_word' id='word_1_354' title='bbox 492 2181 640 2226; x_wconf 89' lang='lat' dir='ltr'><strong>saepius</strong></span> <span class='ocrx_word' id='word_1_355' title='bbox 666 2180 845 2225; x_wconf 87' lang='lat' dir='ltr'><strong>legantur.</strong></span> 
     </span>
    </p>

    <p class='ocr_par' dir='ltr' id='par_1_6' title="bbox 145 2233 1563 2378">
     <span class='ocr_line' id='line_1_40' title="bbox 265 2233 1561 2284; baseline 0.003 -15"><span class='ocrx_word' id='word_1_356' title='bbox 265 2234 343 2270; x_wconf 89' lang='lat' dir='ltr'><strong>Iam</strong></span> <span class='ocrx_word' id='word_1_357' title='bbox 370 2233 417 2270; x_wconf 87' lang='lat' dir='ltr'><strong>ad</strong></span> <span class='ocrx_word' id='word_1_358' title='bbox 445 2245 491 2270; x_wconf 89' lang='lat' dir='ltr'><strong>ea</strong></span> <span class='ocrx_word' id='word_1_359' title='bbox 517 2235 747 2280; x_wconf 87' lang='lat' dir='ltr'><strong>argumenta,</strong></span> <span class='ocrx_word' id='word_1_360' title='bbox 776 2245 870 2281; x_wconf 93' lang='lat' dir='ltr'><strong>quae</strong></span> <span class='ocrx_word' id='word_1_361' title='bbox 898 2245 943 2270; x_wconf 86' lang='lat' dir='ltr'><strong>ex</strong></span> <span class='ocrx_word' id='word_1_362' title='bbox 969 2246 1135 2273; x_wconf 87' lang='lat' dir='ltr'><strong>sermone</strong></span> <span class='ocrx_word' id='word_1_363' title='bbox 1160 2236 1199 2272; x_wconf 91' lang='lat' dir='ltr'><strong>in</strong></span> <span class='ocrx_word' id='word_1_364' title='bbox 1218 2236 1377 2284; x_wconf 88' lang='lat' dir='ltr'><strong>epistula</strong></span> <span class='ocrx_word' id='word_1_365' title='bbox 1394 2235 1561 2273; x_wconf 90' lang='lat' dir='ltr'><strong>adhibito</strong></span> 
     </span>
     <span class='ocr_line' id='line_1_41' title="bbox 145 2289 1563 2337; baseline 0.001 -13"><span class='ocrx_word' id='word_1_366' title='bbox 145 2289 221 2335; x_wconf 88' lang='lat' dir='ltr'><strong>peti</strong></span> <span class='ocrx_word' id='word_1_367' title='bbox 257 2293 426 2336; x_wconf 89' lang='lat' dir='ltr'><strong>possunt,</strong></span> <span class='ocrx_word' id='word_1_368' title='bbox 464 2291 700 2325; x_wconf 89' lang='lat' dir='ltr'><strong>transeamus</strong></span> <span class='ocrx_word' id='word_1_369' title='bbox 736 2291 858 2335; x_wconf 86' lang='lat' dir='ltr'><strong>atque,</strong></span> <span class='ocrx_word' id='word_1_370' title='bbox 894 2291 937 2325; x_wconf 94' lang='lat' dir='ltr'><strong>ut</strong></span> <span class='ocrx_word' id='word_1_371' title='bbox 967 2289 1004 2325; x_wconf 93' lang='lat' dir='ltr'><strong>in</strong></span> <span class='ocrx_word' id='word_1_372' title='bbox 1031 2290 1190 2337; x_wconf 84' lang='lat' dir='ltr'><strong>epistula</strong></span> <span class='ocrx_word' id='word_1_373' title='bbox 1215 2292 1248 2336; x_wconf 87' lang='lat'><strong>4,</strong></span> <span class='ocrx_word' id='word_1_374' title='bbox 1285 2303 1308 2327; x_wconf 88' lang='lat' dir='ltr'><strong>a</strong></span> <span class='ocrx_word' id='word_1_375' title='bbox 1334 2291 1563 2336; x_wconf 87' lang='lat' dir='ltr'><strong>gravioribus</strong></span> 
     </span>
     <span class='ocr_line' id='line_1_42' title="bbox 146 2343 339 2378; baseline 0 -1"><span class='ocrx_word' id='word_1_376' title='bbox 146 2343 339 2378; x_wconf 88' lang='lat' dir='ltr'><strong>ordiamur.</strong></span> 
     </span>
    </p>

    <p class='ocr_par' dir='ltr' id='par_1_7' title="bbox 147 2396 1563 2498">
     <span class='ocr_line' id='line_1_43' title="bbox 263 2396 1563 2445; baseline 0.001 -13"><span class='ocrx_word' id='word_1_377' title='bbox 263 2396 305 2432; x_wconf 90' lang='lat' dir='ltr'><strong>In</strong></span> <span class='ocrx_word' id='word_1_378' title='bbox 339 2408 414 2444; x_wconf 88' lang='lat' dir='ltr'><strong>par.</strong></span> <span class='ocrx_word' id='word_1_379' title='bbox 436 2397 481 2432; x_wconf 88' lang='lat'><strong>10</strong></span> <span class='ocrx_word' id='word_1_380' title='bbox 514 2396 689 2442; x_wconf 84' lang='lat' dir='ltr'><strong>leguntur</strong></span> <span class='ocrx_word' id='word_1_381' title='bbox 723 2396 837 2432; x_wconf 85' lang='lat' dir='ltr'><strong>verba</strong></span> <span class='ocrx_word' id='word_1_382' title='bbox 870 2400 940 2432; x_wconf 90' lang='grc' dir='ltr'><strong>τῶν</strong></span> <span class='ocrx_word' id='word_1_383' title='bbox 967 2398 1117 2434; x_wconf 79' lang='grc' dir='ltr'><strong><em>ὁ’ἄλλων</em></strong></span> <span class='ocrx_word' id='word_1_384' title='bbox 1147 2401 1169 2434; x_wconf 85' lang='grc' dir='ltr'><em>ἃ</em></span> <span class='ocrx_word' id='word_1_385' title='bbox 1195 2400 1274 2445; x_wconf 83' lang='grc' dir='ltr'><strong><em>περὶ</em></strong></span> <span class='ocrx_word' id='word_1_386' title='bbox 1298 2403 1369 2438; x_wconf 86' lang='grc' dir='ltr'><strong><em>τοῖς</em></strong></span> <span class='ocrx_word' id='word_1_387' title='bbox 1402 2400 1563 2445; x_wconf 86' lang='grc' dir='ltr'><strong><em>σώμασιν</em></strong></span> 
     </span>
     <span class='ocr_line' id='line_1_44' title="bbox 147 2451 1561 2498; baseline 0.002 -13"><span class='ocrx_word' id='word_1_388' title='bbox 147 2451 265 2495; x_wconf 81' lang='grc' dir='ltr'><strong><em>ἔχουσι</em></strong></span> <span class='ocrx_word' id='word_1_389' title='bbox 290 2455 526 2497; x_wconf 85' lang='grc' dir='ltr'><strong><em>περισπῶντες</em></strong></span> <span class='ocrx_word' id='word_1_390' title='bbox 539 2480 546 2487; x_wconf 92' lang='grc'><strong>.</strong></span> <span class='ocrx_word' id='word_1_391' title='bbox 562 2479 591 2486; x_wconf 93' lang='grc'><strong>..</strong></span> <span class='ocrx_word' id='word_1_392' title='bbox 619 2452 711 2489; x_wconf 80' lang='grc' dir='ltr'><strong><em>ἐνίας</em></strong></span> <span class='ocrx_word' id='word_1_393' title='bbox 737 2451 769 2486; x_wconf 77' lang='grc' dir='ltr'><strong>δ’</strong></span> <span class='ocrx_word' id='word_1_394' title='bbox 795 2452 913 2486; x_wconf 84' lang='grc' dir='ltr'><strong><em>αὐτῶν</em></strong></span> <span class='ocrx_word' id='word_1_395' title='bbox 944 2452 982 2486; x_wconf 81' lang='grc' dir='ltr'><strong>ἐν</strong></span> <span class='ocrx_word' id='word_1_396' title='bbox 1016 2453 1136 2497; x_wconf 80' lang='grc' dir='ltr'><strong><em>ῥάκεσι</em></strong></span> <span class='ocrx_word' id='word_1_397' title='bbox 1170 2454 1491 2498; x_wconf 75' lang='grc' dir='ltr'><strong><em>περιφθειρομένας</em></strong></span> <span class='ocrx_word' id='word_1_398' title='bbox 1509 2480 1515 2488; x_wconf 94' lang='grc'>.</span> <span class='ocrx_word' id='word_1_399' title='bbox 1531 2480 1538 2487; x_wconf 93' lang='grc'><strong>.</strong></span> <span class='ocrx_word' id='word_1_400' title='bbox 1553 2479 1561 2487; x_wconf 89' lang='grc'><strong>.</strong></span> 
     </span>
    </p>
   </div>
  </div>
 </body>
</html>
