1770 2749
164 195 393 231 orationibus
427 195 524 231 illius
559 207 633 231 non
667 196 854 242 reperitur,
892 195 955 230 sed
991 194 1138 240 similes,
1174 198 1217 230 ut
1253 195 1308 240 15,
1327 195 1396 230 138
1426 195 1581 231 occurrit

165 248 275 285 dictio
301 253 373 288 τοῖς
398 250 487 295 ὑπὲρ
513 249 639 289 αὖτοὺς
663 250 840 295 πεφυκόσι
866 250 905 285 et
928 248 1024 294 4,11
1050 252 1122 284 τῶν
1147 250 1264 294 λόγων
1289 253 1361 288 τοῖς
1385 249 1475 294 ὑπὲρ
1500 248 1581 288 τοὺς

165 304 307 342 ἰδιώτας
333 305 460 349 ἔχουσι.

318 385 325 392 .
353 385 360 392 .
387 358 439 396 ὡς
465 358 542 402 ἐμοὶ
570 358 670 392 δοκεῖ
692 385 699 392 .
727 385 734 392 .
761 385 768 392 .
795 356 888 393 haec
914 368 1059 404 quoque
1085 357 1309 393 constructio
1336 356 1384 392 ab
1409 356 1580 392 Isocratis

164 423 333 447 sermone
372 411 494 447 aliena
532 413 599 446 est.
650 411 751 447 Idem
788 410 892 447 valet
929 410 973 447 de
1013 411 1249 447 substantivo
1287 412 1421 457 χειμὼν
1459 413 1497 446 et
1535 410 1579 446 de

164 465 385 501 dictionibus
419 466 597 510 εἷςβαίνειν
631 467 678 504 εἷς
703 466 877 500 θάλατταν
908 468 946 501 et
978 466 1097 504 καλῶς
1132 469 1250 501 ποιεῖν.
1305 465 1360 510 18,
1375 465 1422 501 68
1447 463 1581 509 legitur

165 547 171 553 .
199 547 206 553 .
234 547 241 553 .
268 520 324 564 ἐφ’
351 520 435 564 ἡμῖν
461 519 500 553 δὲ
525 523 596 558 τοῖς
621 518 660 553 εὗ
685 519 914 564 πεποιηκόσιν
941 547 948 554 .
976 547 983 554 .

281 581 322 617 In
348 593 423 629 par.
442 581 465 617 9
491 581 583 617 haec
609 582 747 628 insunt,
776 593 870 629 quae
898 581 1109 618 offendunt:

283 664 290 670 .
318 664 324 670 .
352 664 359 671 .
385 637 568 682 λογίζομαι
602 637 669 682 γὰρ
696 638 793 682 αὐτῷ
819 638 989 672 συνοίσειν
1016 665 1023 671 .
1051 665 1058 671 .
1085 665 1092 671 .
1132 635 1295 672 Verbum
1320 637 1517 682 λογίζεσθαι
1541 636 1580 671 in

165 690 396 725 orationibus
421 690 594 725 Isocratis
620 692 687 726 aut
705 690 875 726 absolute
893 690 1090 726 adhibetur
1107 692 1150 726 ut
1167 690 1200 736 2,
1216 690 1273 736 38,
1285 725 1287 727 ,
1301 689 1394 726 alias
1412 691 1479 726 aut
1496 701 1579 726 cum

163 746 246 790 περί
267 758 359 783 τινος
393 746 436 780 ut
461 744 495 789 2,
509 743 558 780 46
585 745 653 780 aut
678 756 761 780 cum
788 744 1000 780 accusativo
1027 744 1263 780 coniunctum
1288 746 1333 781 ut
1357 744 1391 790 8,
1406 744 1454 780 60
1479 743 1578 780 aliis-

163 810 235 845 que
261 798 362 843 locis,
390 799 458 834 aut
480 798 647 845 sequitur
663 799 713 833 ὅτι
739 800 782 834 ut
803 799 857 842 15,
873 798 920 833 23
938 800 1005 833 aut
1023 798 1258 834 enuntiatum
1275 798 1579 844 interrogativum

163 854 207 887 ut
245 852 299 897 15,
319 851 388 887 169
424 854 488 899 (ep.
516 852 549 896 6,
565 851 608 896 9).
667 852 769 887 Haec
802 852 913 897 igitur
947 852 1181 896 constructio,
1218 864 1312 899 quae
1346 852 1384 888 in
1419 851 1579 899 epistula

164 908 300 951 exstat,
328 917 403 941 non
430 908 486 941 est
511 905 693 941 Isocratis.

283 987 289 993 .
310 987 316 993 .
337 987 344 994 .
362 960 502 1004 ἥδιστόν
529 960 596 994 ε’στι
618 960 678 993 καὶ
694 960 968 994 λυσιτελέστατον
987 987 993 993 .
1013 987 1020 993 .
1040 986 1047 993 .
1065 960 1214 994 κτᾶσθαι
1233 987 1240 994 .
1260 987 1267 994 .
1286 987 1293 994 .
1310 959 1382 994 hae
1400 958 1578 994 dictiones

163 1014 195 1058 ἡ.
228 1014 266 1047 et
296 1013 325 1047 λ.
352 1014 420 1047 ἐστι
446 1014 624 1058 sequente
650 1012 837 1047 infinitivo
864 1023 939 1047 non
964 1012 1171 1048 Isocrateae
1197 1014 1293 1048 sunt.
1344 1012 1578 1048 Adiectivum

163 1067 338 1112 λυσιτελὴς
364 1066 518 1102 occurrit
547 1065 601 1111 12,
618 1065 678 1101 86:
705 1066 745 1100 τὸ
771 1067 940 1105 λυσιτελὲς
966 1067 1072 1105 ἐάσας
1098 1094 1105 1101 .
1134 1095 1140 1101 .
1168 1095 1175 1101 .

281 1129 323 1164 In
348 1141 423 1176 par.
445 1129 490 1164 10
516 1130 609 1164 haec
634 1129 773 1174 insunt,
802 1129 838 1164 in
866 1129 999 1176 quibus
1025 1130 1260 1165 haereamus:

281 1185 487 1219 συνέπειθον
518 1184 556 1218 δὲ
581 1184 640 1218 καὶ
665 1184 725 1218 τὸν
751 1184 828 1219 υἱὸν
854 1185 962 1219 αὐτοῦ
989 1212 995 1218 .
1024 1212 1030 1218 .
1059 1212 1065 1218 .
1093 1185 1296 1229 ἀντέχεσθαι
1322 1212 1328 1219 .
1356 1212 1362 1218 .
1390 1212 1397 1219 .
1423 1183 1577 1219 verbum

162 1238 367 1282 συμπείθειν
402 1237 502 1272 nullo
537 1237 616 1272 loco
644 1248 727 1272 cum
752 1236 937 1272 infinitivo
965 1237 1204 1282 coniungitur.
1259 1237 1314 1282 15,
1337 1237 1405 1272 189
1432 1236 1578 1272 additur

162 1290 361 1326 obiectum:
404 1292 608 1336 συμπείθειν
645 1291 728 1330 τοὺς
767 1292 970 1329 ἀκούοντας.
1038 1292 1071 1336 5,
1087 1291 1134 1325 26
1173 1290 1342 1326 absolute
1382 1289 1577 1326 adhibetur

199 1373 205 1379 .
235 1373 241 1379 .
267 1345 329 1379 καὶ
354 1346 468 1390 μηδὲν
493 1345 516 1390 ᾖ
542 1345 580 1379 τὸ
607 1345 936 1389 συναγωνιζόμενον
960 1345 1020 1379 καὶ
1045 1345 1250 1390 συμπεῖθον.

281 1407 398 1443 Dictio
434 1409 639 1453 ἀντέχεσθαι
672 1411 743 1442 τῶν
770 1435 776 1442 .
805 1435 811 1442 .
839 1435 846 1441 .
872 1408 1091 1452 πραγμάτων
1125 1407 1225 1442 nullo
1259 1406 1338 1443 loco
1369 1407 1576 1442 orationum

163 1460 306 1506 legitur.
353 1462 576 1506 Ἀντέχεσθαί
598 1475 689 1500 τινος
714 1462 859 1507 praeter
893 1462 925 1505 8,
943 1461 1003 1495 12:
1039 1461 1095 1496 διὰ
1127 1461 1194 1506 μὲν
1218 1461 1299 1500 τοὺς
1323 1464 1576 1506 παραινοῦντας

160 1516 365 1560 ἀντέχεσθαι
398 1520 459 1560 τῆς
493 1516 634 1560 εἰρήνης
667 1526 742 1550 non
778 1515 911 1550 exstat.
967 1513 1067 1549 Idem
1101 1513 1204 1550 valet
1237 1513 1281 1549 de
1315 1513 1494 1550 vocabulo
1528 1516 1576 1553 εἰς

160 1569 418 1613 τοῦμπροσθεν.
446 1568 578 1603 Totam
593 1568 789 1603 dictionem
807 1570 855 1607 εἷς
872 1582 897 1602 τ.
915 1569 1125 1613 πειραθῆναι
1141 1569 1327 1613 προελθεῖν
1344 1568 1392 1603 ab
1405 1567 1575 1603 Isocratis

162 1632 293 1665 genere
320 1621 461 1657 dicendi
488 1621 634 1656 differre
661 1621 804 1657 monuit
829 1620 997 1656 Blassius
1022 1620 1044 1657 l.
1062 1621 1083 1658 l.
1110 1633 1142 1668 p.
1161 1620 1241 1657 329.

279 1684 358 1721 Par.
380 1685 438 1721 ll:
467 1714 473 1720 .
494 1714 500 1720 .
520 1714 526 1720 .
553 1687 615 1732 τήν
640 1700 674 1721 τε
700 1686 767 1732 γὰρ
794 1686 953 1732 ἀπειρίαν
977 1686 1039 1731 τὴν
1065 1686 1173 1721 αὑτοῦ
1199 1686 1487 1732 καταπεπλῆχθαι
1514 1713 1521 1720 .
1540 1713 1547 1720 .
1567 1713 1573 1720 .

162 1739 316 1774 verbum
342 1741 638 1785 καταπλήττεσθαι
664 1739 757 1775 alias
783 1740 881 1786 apud
907 1739 1106 1775 Isocratem
1132 1751 1206 1775 non
1231 1739 1373 1784 legitur.

278 1802 320 1838 In
346 1814 419 1850 par.
442 1803 486 1839 12
513 1802 736 1839 offendimus
762 1802 800 1838 in
826 1802 948 1839 verbis
974 1804 1018 1838 ἅν
1042 1817 1077 1838 τε
1102 1803 1180 1849 περὶ
1205 1804 1298 1849 ὑμᾶς
1315 1804 1359 1838 ἅν
1376 1803 1414 1838 θ’
1428 1803 1574 1849 ἡσυχίαν

162 1859 256 1902 ἔχων
283 1858 447 1903 ὂιατρίβῃ.
490 1857 773 1893 Coniunctiones
800 1858 898 1893 enim
924 1859 967 1892 ἄν
983 1872 1018 1892 τε
1034 1879 1083 1883 -
1101 1859 1144 1892 ἄν
1160 1872 1195 1892 τε
1220 1858 1275 1893 ita
1299 1858 1396 1892 inter
1420 1868 1461 1892 se
1487 1868 1573 1892 con-

160 1911 309 1945 iunctae
336 1910 434 1956 apud
459 1911 657 1946 Isocratem
683 1922 758 1946 non
783 1910 965 1956 leguntur.
984 1904 1024 1910 -
1160 1904 1201 1911 -

279 1972 338 2009 Ad
372 1985 446 2020 par.
474 1974 520 2010 13
554 1973 647 2010 haec
681 1976 770 2010 sunt
804 1973 1028 2011 adnotanda.
1087 1974 1206 2010 Voces
1240 1974 1502 2018 περιεργότερον
1536 1975 1574 2010 et

159 2029 483 2073 πρεσβυτικώτερον
513 2028 550 2062 in
579 2028 806 2063 orationibus
832 2028 1002 2063 Isocratis
1027 2039 1103 2062 non
1130 2028 1291 2062 exstant.
1341 2025 1574 2062 Adiectivum

158 2096 246 2127 περ,
271 2082 310 2116 in
336 2080 495 2128 positivo
522 2080 647 2126 gradu,
676 2081 823 2128 saepius
850 2080 948 2128 apud
975 2092 1059 2116 eum
1086 2081 1248 2116 occurrit.
1557 2078 1559 2081 ’

279 2134 513 2171 Adiectivum
546 2137 667 2180 πρεσβ.
694 2136 913 2181 usurpatum
939 2135 1126 2170 invenitur
1152 2133 1250 2181 apud
1276 2133 1571 2181 Aristophanem,

159 2189 365 2234 Platonem,
394 2188 642 2232 Aristotelem,
670 2188 917 2223 Plutarchum.

277 2244 494 2285 σπουδάζων
528 2243 616 2288 ὑπὲρ
652 2243 794 2288 ἀνδρῶν
830 2254 858 2277 e.
877 2254 909 2289 q.
928 2254 954 2277 s.
1005 2241 1107 2277 Haec
1138 2241 1360 2278 constructio
1386 2242 1490 2279 verbi
1516 2257 1571 2279 σπ.

158 2310 233 2333 non
269 2300 327 2334 est
361 2310 406 2333 ex
441 2309 512 2332 usu
546 2297 740 2333 Isocrateo,
790 2297 832 2331 In
859 2296 1086 2331 orationibus
1112 2296 1208 2331 enim
1234 2310 1289 2331 σπ.
1315 2297 1404 2342 ὑπὲρ
1430 2308 1573 2343 semper

159 2362 242 2386 cum
276 2363 357 2397 gen.
383 2351 436 2387 rei
471 2350 713 2395 coniungitur,
749 2352 793 2385 ut
819 2350 852 2395 6,
868 2349 924 2385 25.
939 2349 995 2385 91.
1021 2349 1127 2394 8,13.
1158 2348 1211 2395 15,
1228 2349 1308 2385 280.
1335 2350 1391 2396 16,
1408 2349 1440 2387 3.
1466 2350 1524 2396 20,
1539 2350 1572 2386 2.

158 2405 289 2447 5‚127.
341 2405 379 2442 Si
414 2406 458 2441 de
493 2405 659 2453 personis
694 2404 825 2450 agitur,
860 2404 1040 2440 Isocrates
1074 2403 1160 2440 dicit
1195 2405 1261 2440 aut
1286 2419 1341 2440 σπ.
1366 2406 1448 2450 περί
1469 2418 1570 2449 τινος,

158 2461 202 2494 ut
231 2460 286 2505 10,
302 2460 358 2496 29.
386 2460 455 2504 (12,
471 2460 541 2504 22),
570 2461 637 2495 aut
662 2473 718 2494 σπ.
745 2460 826 2504 περί
848 2472 932 2504 τινα,
960 2459 1004 2493 ut
1032 2458 1159 2503 10,16.
