1770 2749
702 119 945 156 -15—

237 217 377 262 Quibus
402 217 613 264 praemissis
638 228 737 252 nunc
750 216 796 253 ad
815 219 1034 263 argumenta
1052 229 1098 253 ex
1116 228 1284 252 sermone
1309 217 1388 264 ipso
1412 217 1529 264 petita

119 275 361 310 transeamus.
413 270 516 314 Quae
542 281 767 318 quamquam
790 270 974 307 interdum
999 282 1126 319 parva,
1152 282 1240 306 nam
1257 270 1296 306 in
1313 271 1529 307 universum

120 325 296 363 sermonis
331 324 429 360 color
453 326 511 360 est
535 324 753 368 Isocrateus,
788 326 914 360 tamen
939 336 1014 361 non
1040 326 1130 360 sunt
1156 324 1372 360 omittenda.
1421 324 1526 367 Eum,

120 380 183 427 qui
215 379 312 413 hanc
346 377 542 424 epistulam
569 379 782 424 composuit,
818 378 1079 425 peritissimum
1103 378 1219 414 fuisse
1246 377 1426 414 sermonis
1451 378 1527 413 Iso-

119 432 230 469 cratis
255 430 315 467 vel
340 430 425 467 inde
451 430 615 476 intellegi
631 433 764 478 potest,
792 432 888 478 quod
905 431 1026 468 adhuc
1042 431 1119 468 sere
1137 443 1246 468 nemo
1265 431 1304 468 in
1321 431 1528 467 elocutione

118 485 278 525 auctoris
301 485 424 521 haesit
442 486 480 521 et
496 484 672 529 Blassius,
699 486 756 521 vir
780 485 825 521 de
844 485 1048 522 oratoribus
1066 485 1190 522 atticis
1207 485 1344 533 optime
1361 485 1526 529 meritus,

119 540 164 577 de
181 540 253 575 hac
277 538 437 586 epistula
454 540 513 574 est
529 538 716 586 professus
727 540 770 585 ¹):
799 540 893 586 „Der
908 539 1020 576 kurze
1037 539 1136 576 Brief
1159 541 1210 576 ist
1230 539 1344 576 frisch
1370 538 1447 575 und
1464 549 1527 584 ge-

118 593 248 631 wandt
265 592 503 639 geschrieben
529 593 605 629 und
630 593 755 630 macht
772 593 855 630 dem
871 594 975 630 Alter
991 593 1055 630 des
1073 593 1284 630 Verfassers
1310 593 1382 630 alle
1396 592 1523 629 Ehre.“

233 648 275 683 In
300 658 375 694 par.
403 648 422 682 1
458 646 656 693 singularis
691 649 749 684 est
781 660 872 684 usus
906 648 1079 684 vocabuli
1113 650 1276 694 γράφεινε
1316 648 1526 694 ἠβουλήθην

117 703 156 737 δὲ
180 702 240 737 καὶ
264 701 369 746 πρὸς
395 702 437 736 σὲ
463 703 630 746 γράψαι.
680 701 777 746 Loci,
804 702 936 748 quibus
963 716 1014 748 γρ.
1040 702 1193 738 verbum
1219 704 1439 748 usurpatum
1465 702 1525 736 in-

116 755 273 800 venitur,
301 756 390 790 sunt
414 753 470 790 hi:
499 755 530 800 1,
546 756 586 801 5,
613 755 646 802 5,
662 756 693 800 1,
714 756 769 802 10,
788 756 844 800 11,
867 755 921 801 12,
941 755 998 801 83,
1018 756 1084 801 85,
1110 756 1144 802 9,
1160 756 1217 801 75,
1236 755 1304 800 76,
1332 756 1388 800 10,
1403 755 1438 800 8,
1460 754 1524 800 14,

119 809 175 853 11,
188 808 255 853 47,
283 809 338 853 12,
356 809 435 854 172,
450 809 540 854 250,
568 809 625 856 13,
640 808 680 855 9,
708 810 809 855 15,8,
823 810 881 854 81,
897 809 962 854 56,
991 810 1047 854 18,
1063 810 1119 846 26.
1138 821 1216 857 epp.
1236 809 1313 854 1,2,
1328 809 1369 854 3,
1388 809 1421 854 3,
1439 810 1470 855 1,
1486 809 1523 853 6,

115 862 149 908 4,
167 863 198 907 1,
220 862 283 907 13,
310 863 343 907 5,
361 863 400 908 1,
426 862 459 907 6,
475 863 515 907 4,
542 863 575 908 7,
595 864 627 902 6,
649 863 712 908 10;
738 863 772 908 8,
787 863 820 906 2,
842 863 896 898 10.
940 862 1154 899 Orationum
1181 865 1307 898 autem
1324 862 1403 898 loco
1422 862 1522 898 nullo

115 915 249 962 legitur
282 917 428 963 γράφειν
461 918 552 963 πρός
583 931 668 962 τινα,
703 917 724 953 i.
743 929 773 954 e.
798 917 845 954 ad
871 916 1041 964 aliquem,
1077 915 1142 953 sed
1167 918 1210 952 ut
1235 916 1305 953 hoc
1330 916 1521 964 exprimat,

114 971 297 1007 Isocrates
315 971 402 1007 dicit
419 974 486 1007 aut
501 973 607 1017 λόγον
623 974 770 1018 πέμπειν
795 973 839 1007 ut
864 972 897 1016 5,
909 972 952 1008 17
979 974 1046 1007 aut
1071 972 1188 1007 utitur
1204 983 1294 1007 voce
1320 972 1522 1007 ἐπιστέλλειν

115 1026 157 1060 ut
182 1025 215 1070 5,
227 1024 272 1059 81
301 1026 390 1072 (epp.
412 1026 494 1071 1,5;
521 1025 630 1070 2,12;
656 1025 837 1071 7,12,13,
863 1025 897 1070 6,
907 1024 952 1070 4).
994 1025 1056 1061 Eis
1081 1024 1180 1069 locis,
1208 1025 1342 1072 quibus
1360 1038 1414 1070 γρ.
1430 1025 1522 1070 πρὸς

116 1078 285 1123 occurrit,
322 1090 405 1114 cum
437 1080 528 1125 πρὸς
561 1090 635 1115 non
661 1091 827 1127 persona,
862 1078 927 1114 sed
951 1090 1010 1115 res
1038 1079 1280 1124 coniungitur,
1317 1081 1361 1114 ut
1385 1078 1520 1124 4,188,

114 1132 147 1177 5,
159 1132 225 1177 25,
253 1132 309 1177 12,
321 1133 406 1177 271,
436 1134 586 1178 15,12.‘2)
629 1133 758 1180 Itaque
783 1133 823 1168 in
847 1132 918 1168 illis
937 1133 1058 1168 verbis
1084 1133 1175 1178 πρὸς
1200 1134 1238 1168 σὲ
1263 1134 1398 1178 γράψαι
1422 1132 1522 1168 inest

114 1183 254 1233 aliquid
288 1197 362 1221 non
396 1186 634 1226 Isocrateum,
673 1198 792 1233 neque
831 1186 977 1222 silentio
1011 1187 1208 1232 praeterire
1242 1186 1329 1222 licet
1362 1185 1520 1221 eundem

114 1250 221 1274 usum
247 1250 325 1275 voc.
352 1253 404 1285 γρ.
429 1240 586 1275 inveniri
612 1251 665 1287 ep.
682 1239 717 1281 4,
731 1241 760 1275 1.
1209 1274 1211 1276 .

229 1293 269 1329 In
296 1305 370 1340 par.
388 1293 411 1329 2
437 1292 609 1339 leguntur
634 1293 748 1330 verba
770 1322 777 1329 .
796 1321 829 1329 ..
855 1294 914 1329 καὶ
938 1294 999 1333 τὰς
1025 1294 1130 1333 ἄλλας
1156 1294 1521 1339 ἒπακολουθήσειν

114 1350 172 1391 (sc.
189 1348 326 1393 πόλεις).
378 1348 455 1392 Quo
489 1347 567 1384 loco
603 1350 627 1383 ἒ.
655 1348 823 1384 absolute
857 1347 1062 1383 adhibitum
1096 1349 1307 1395 usurpatur,
1343 1346 1441 1394 quod
1472 1347 1519 1382 ab

112 1400 282 1437 Isocratis
325 1412 490 1437 sermone
534 1401 694 1438 alienum
737 1412 817 1437 esse
860 1401 1022 1437 dicimus.
1081 1400 1245 1436 Verbum
1283 1402 1382 1437 enim
1419 1402 1519 1436 ἑπακ.

113 1466 255 1503 semper
272 1467 356 1492 cum
374 1455 500 1492 dativo
519 1455 566 1492 ab
585 1467 627 1493 eo
645 1456 879 1492 coniunctum
898 1457 965 1501 est,
985 1457 1028 1492 ut
1044 1455 1078 1499 6,
1094 1454 1152 1500 34,
1168 1455 1233 1501 90,
1250 1455 1284 1501 7,
1300 1455 1365 1501 77,
1386 1456 1441 1500 11,
1453 1455 1517 1500 38,

114 1509 342 1556 15,56,121,
364 1510 443 1545 170.
500 1510 586 1546 Sine
621 1510 746 1546 dativo
780 1512 958 1556 usurpata
992 1512 1080 1545 sunt
1112 1523 1242 1554 παρακ.
1269 1510 1302 1550 6,
1316 1509 1384 1554 80,
1420 1523 1518 1545 συνα.

109 1564 195 1608 μετά
212 1577 303 1602 τινος
319 1563 354 1610 4,
371 1563 452 1608 146,
480 1563 649 1600 absolute
668 1564 701 1609 4,
719 1563 806 1608 185,
832 1564 865 1609 5,
880 1563 944 1608 743
970 1563 1002 1608 6,
1017 1563 1064 1598 20
1090 1564 1144 1598 ᾶκ.
1170 1563 1205 1607 4,
1220 1562 1282 1608 35,
1308 1563 1342 1607 5,
1356 1562 1405 1598 48
1423 1564 1516 1608 (μεθ’

111 1618 236 1663 αὑτῶν)
263 1617 297 1661 8,
312 1617 361 1653 44
395 1619 478 1664 (μετ’
505 1619 658 1664 ἐκείνων)
697 1618 815 1663 14,15
842 1619 923 1663 (μετ’
950 1618 1112 1662 ἐκείνων).
1163 1616 1303 1664 Itaque,
1331 1628 1414 1652 cum
1440 1616 1516 1652 Iso-

112 1673 231 1707 crates
258 1671 339 1707 sine'
363 1670 489 1707 dativo
507 1673 573 1712 ἀκ.,
600 1686 740 1719 nagan„
764 1685 882 1708 συνακ.
901 1670 1108 1707 adhibuerit
1125 1672 1191 1706 aut
1207 1670 1517 1717 praepositionem

110 1726 197 1771 μετὰ
224 1725 404 1762 addiderit
429 1725 476 1761 ad
502 1727 557 1762 ᾶκ.
585 1728 623 1762 et
648 1740 780 1772 συνακ.,
815 1726 874 1761 hic
900 1737 1000 1770 usus,
1036 1725 1098 1772 qui
1124 1727 1182 1760 est
1206 1725 1243 1760 in
1270 1724 1440 1772 epistula,
1469 1724 1517 1760 ab

109 1779 208 1815 illius
235 1780 439 1816 elocutione
465 1780 646 1816 abhorret.

226 1833 268 1868 In
303 1832 433 1868 eadem
466 1833 694 1880 paragrapho
729 1833 914 1879 singulare
945 1832 1098 1868 verbum
1129 1833 1186 1867 est
1211 1833 1382 1877 ὑπονοεῖν,
1419 1831 1517 1878 quod

113 1886 211 1933 apud
235 1886 434 1922 Isocratem
459 1898 533 1922 non
559 1886 701 1932 legitur.

224 1940 266 1976 In
292 1951 367 1988 par.
385 1940 407 1976 3
434 1939 657 1976 offendimus
682 1941 721 1976 in
746 1940 868 1977 verbis
895 1942 1121 1986 ἐγνωκέναι
1145 1939 1237 1984 περὶ
1261 1940 1421 1974 τούτων
1446 1939 1467 1974 i.
1487 1951 1515 1974 e.

109 1991 200 2029 haec
234 1993 448 2031 decrevisse.
499 1994 678 2030 Isocrates
714 1994 810 2030 enim
845 2005 1035 2041 nunquam
1069 1993 1211 2029 duobus
1237 1992 1325 2028 locis
1351 1992 1515 2039 exceptis

108 2061 192 2093 γιγν.
217 2049 299 2095 περί
327 2062 420 2088 τινος
453 2048 539 2084 dicit
564 2048 636 2084 nisi
662 2048 786 2085 addito
813 2047 936 2095 aliquo
961 2047 1149 2092 vocabulo,
1186 2048 1254 2082 aut
1279 2046 1422 2083 obiecto
1449 2050 1517 2083 aut

108 2100 292 2147 adverbio,
327 2101 432 2137 velut
465 2102 549 2148 2,18
581 2103 697 2147 ταῦτά,
730 2103 765 2147 4,
783 2102 851 2138 139
878 2103 1014 2148 ὀρθῶς,
1048 2102 1080 2145 5,
1095 2101 1143 2136 40
1169 2102 1234 2146 οὗχ
1260 2102 1407 2146 ὁμοίως,
1447 2101 1515 2136 108

108 2155 215 2198 ἰδίως,
250 2155 283 2196 6,
299 2155 321 2190 2
347 2158 381 2199 ἃ,
416 2155 440 2190 4
466 2157 598 2201 ὀρθῶς,
634 2155 656 2191 5
683 2158 716 2202 ἃ,
752 2156 787 2200 8,
804 2156 849 2191 15
875 2158 909 2200 ἃ,
944 2156 990 2191 52
1016 2156 1129 2198 ταύτά,
1163 2154 1259 2199 15,6
1286 2156 1353 2190 οὐκ
1380 2156 1514 2200 ὀρθῶς,

110 2207 180 2243 130
205 2209 293 2244 κατὰ
318 2209 459 2254 τρόπον,
498 2208 567 2244 192
592 2213 708 2254 ταῦτα,
742 2209 814 2245 253
840 2210 1009 2253 τάναντία,
1037 2207 1107 2243 263
1134 2209 1249 2247 οὕτως
1275 2236 1282 2242 .
1309 2236 1317 2244 .
1345 2236 1351 2243 .
1379 2209 1513 2254 ὀρθῶς,

107 2260 177 2296 271
205 2264 344 2307 ἁπλῶς,
393 2262 463 2298 302
490 2264 641 2303 ἐναντία,
685 2263 756 2299 315
783 2265 914 2304 οὕτως,
956 2262 1010 2306 12,
1026 2261 1071 2298 33
1097 2266 1222 2303 ταῦτα,
1263 2262 1320 2306 18,
1335 2262 1382 2298 35
1408 2263 1513 2302 οὕτω,

225 2360 245 2395 ²)
266 2360 333 2389 Att.
353 2359 422 2389 Ber.
444 2359 480 2393 11,
492 2359 520 2394 2,
541 2359 608 2389 328.

222 2404 244 2441 2)
264 2403 343 2437 20,2
363 2413 412 2434 res
433 2406 482 2438 est
502 2403 593 2433 aliter
612 2406 821 2443 cotnparata:⁴
836 2403 929 2439 ἔξεστι
955 2406 995 2440 τῷ
1024 2400 1189 2441 βουλομένῳ
1217 2405 1276 2431 τῶν
1294 2400 1513 2441 nol-triburen-

106 2447 228 2482 ψαμένῳ
253 2446 327 2486 πρὸς
345 2449 411 2478 τοὺς
435 2448 626 2484 θεσμοθέτας
652 2446 791 2479 sicem&
818 2448 857 2479 εἷς
875 2449 956 2484 ὑμᾶς.
1005 2446 1062 2477 Hic
1090 2447 1173 2477 enim
1200 2447 1335 2477 medium
1362 2447 1512 2485 verbiyov.

105 2488 263 2526 signifieat
284 2491 489 2529 ‚,anklagen·‘.
