1770 2749
173 196 283 232 modo
309 196 354 232 Is.
380 208 510 244 pacem
535 196 616 231 fieri
641 196 801 232 voluerit
828 196 1121 233 demonstratur:
1157 208 1231 233 non
1257 196 1294 232 vi
1320 208 1441 244 neque
1468 197 1590 240 armis,

177 249 243 285 sed
277 250 544 297 persuadendo,
581 261 656 297 qua
690 250 735 286 de
771 262 808 286 re
835 251 1003 287 conferas
1030 252 1143 287 etiam
1170 263 1217 287 or.
1236 251 1270 297 8,
1281 251 1346 286 21:
1382 252 1593 297 συμμάχους

175 306 302 349 ἕξομεν
340 306 494 343 ἅπαντας
532 305 770 350 ἀνθρώπους,
813 306 857 340 οὗ
895 307 1167 351 βεβιασμένους,
1207 305 1292 340 ἀλλὰ
1329 306 1590 350 πεπεισμένους.

174 357 304 404 Neque
338 360 484 404 poterat
519 357 591 393 ille·
614 358 770 393 scribere
805 359 935 394 statim
968 360 1053 405 post
1086 370 1257 405 pugnam,
1292 369 1388 405 quae
1418 356 1592 403 leguntur

175 411 260 447 inde
287 423 311 446 a
336 411 456 446 verbis
483 413 743 457 ἠναγκασμένοι
777 423 894 459 usque
929 411 976 447 ad
1004 412 1118 448 verba
1143 413 1340 457 ἐξενεγκεῖν,
1375 411 1591 458 praesertim

176 477 259 501 cum
296 465 458 501 condicio
495 465 630 501 civium
666 465 746 501 eius
780 465 889 513 plane
921 465 995 501 alia
1020 467 1137 511 esset3
1171 477 1258 501 nam
1284 476 1358 501 non
1385 464 1588 510 Persarum,

175 519 240 554 sed
266 518 424 566 Philippi
449 518 587 555 bellum
612 519 807 567 parabant,
835 522 878 555 ut
904 530 1015 566 supra
1026 520 1049 564 1)
1076 518 1246 556 vidimus.

275 572 343 609 His
378 584 474 620 quae
510 573 555 609 de
590 575 807 620 argumento
839 573 1019 621 epistulae
1046 572 1201 609 dicenda
1227 575 1342 619 erant,
1377 573 1589 620 priusquam

174 626 357 663 addamus
393 639 448 673 ea,
484 639 579 675 quae
607 628 652 664 de
679 627 1048 675 sermone-prolaturi
1074 639 1213 673 sumus,
1245 627 1355 664 liceat
1380 627 1513 663 afferre
1539 627 1587 672 id,

175 681 273 727 quod
300 680 564 717 Muenscherus
592 682 623 725 (l.
641 681 662 717 l.
689 694 722 728 p.
739 681 798 722 44)
827 681 871 716 de
898 683 989 726 arte,
1017 692 1092 728 qua
1110 683 1238 716 auctor
1254 681 1294 716 in
1312 681 1471 728 epistula
1488 692 1588 716 com-

173 734 348 781 ponenda
373 747 464 771 usus
492 737 557 780 est,
590 735 810 772 observavit.
861 734 1036 782 Repperit
1062 735 1159 770 enim
1184 734 1244 770 ille
1270 735 1341 771 hac
1366 735 1405 770 in
1431 733 1590 781 epistula

176 801 260 825 eam
277 788 434 825 formam
454 789 745 835 argumentandi,
774 801 868 836 quae
892 790 1098 835 ἐπιχείρημα
1116 790 1281 834 vocatur,
1309 788 1446 825 deesse.
1488 788 1589 824 Haec

174 844 301 878 autem
339 854 381 879 eo
415 843 466 887 fit,
502 842 598 889 quod
633 842 917 889 propositionem
944 842 1110 888 sequitur
1134 842 1239 886 ratio,
1274 842 1429 878 rationis
1455 842 1588 878 confir-

176 895 304 943 matio,
332 897 532 942 exornatio,
560 895 762 945 complexio
790 895 845 941 (cf.
863 896 969 933 Auct.
988 895 1036 932 ad
1052 895 1135 933 Her.
1153 896 1195 942 II,
1218 895 1273 942 18,
1288 895 1344 933 28.
1359 896 1427 942 29).
1471 895 1588 941 Quam

173 950 330 987 formam
357 950 640 997 argumentandi
668 950 767 998 apud
784 951 982 987 Isocratem
999 951 1335 998 frequentissimam
1363 962 1444 986 esse
1463 951 1587 986 obser-

176 1007 332 1041 vaverat
358 1004 599 1052 Spengelus,1)
635 1006 689 1041 ita
722 1007 860 1050 tamen,
896 1006 939 1040 ut
973 1016 1055 1040 eam
1089 1004 1268 1052 prioribus
1294 1004 1333 1040 in
1360 1004 1587 1041 orationibus

173 1059 301 1104 rarius,
330 1059 477 1105 saepius
505 1062 632 1094 autem
657 1058 743 1094 inde
769 1070 793 1094 a
818 1058 1043 1106 Panegyrico
1070 1058 1273 1094 adhibitam
1296 1068 1377 1094 esse
1396 1060 1587 1094 statueret.

175 1111 230 1147 Ex
257 1112 434 1159 exemplis
460 1113 508 1148 ab
534 1113 611 1149 hoe
628 1112 650 1148 l.
668 1112 689 1149 1.
708 1112 844 1158 allatis,
871 1112 976 1148 velut
992 1113 1026 1157 7,
1047 1113 1154 1157 3-8,
1168 1112 1300 1157 9—18,
1315 1112 1471 1156 20—27‚
1487 1112 1585 1159 31s5.

174 1166 274 1212 37s8‚
290 1166 418 1213 73s‘753
436 1166 470 1211 6,
486 1166 649 1212 64-69;
678 1166 848 1213 8‚104s5,
866 1165 1069 1210 106—-113‚
1097 1167 1252 1212 apparet
1267 1165 1483 1210 Blassium2³>
1509 1166 1587 1201 iure

173 1218 415 1254 Muenschero
441 1219 534 1255 haec
560 1230 763 1266 opponere:
798 1219 877 1265 „ich
903 1247 910 1255 .
938 1248 945 1255 .
972 1247 978 1254 .
1006 1230 1128 1254 nenne
1154 1218 1381 1266 Epicheirem
1407 1220 1482 1255 erst
1508 1218 1585 1264 das,

173 1284 232 1308 wo
260 1272 418 1309 mittelst
444 1273 545 1309 eines
568 1272 882 1319 vorangestellten
902 1272 988 1309 oder
1006 1273 1099 1309 doch
1116 1273 1212 1309 nach
1230 1272 1293 1309 der
1309 1272 1587 1319 Anksmdigung

172 1326 378 1363 stehenden
414 1327 658 1373 allgemeinen
685 1327 814 1363 Satzes
850 1327 1038 1363 bewiesen
1071 1327 1173 1372 wird,
1210 1327 1306 1372 oder,
1346 1338 1454 1363 wenn
1485 1326 1587 1363 nicht

172 1381 264 1426 dies,
292 1380 385 1417 doch
411 1393 480 1417 aus
506 1380 708 1427 mehreren,
737 1383 909 1426 getrennt
934 1380 1154 1426 gehaltenen
1182 1380 1317 1416 Satzen
1336 1408 1343 1416 .
1362 1408 1395 1416 ..
1422 1380 1480 1416 ein
1508 1381 1585 1416 ein-

172 1434 366 1471 heitlicher
392 1434 526 1471 Schluss
561 1434 799 1482 hervorgeht‚
833 1435 909 1471 und
944 1446 984 1471 so
1019 1434 1086 1471 hat
1121 1434 1215 1471 auch
1242 1434 1432 1482 Spengel
1493 1433 1584 1471 .die

173 1489 293 1525 Sache
319 1489 477 1535 gefasst.“

289 1543 420 1589 Itaque
438 1542 703 1579 Muenscherus
729 1543 838 1578 nimis
865 1554 949 1578 acer
970 1543 1083 1578 fuisse
1102 1541 1274 1578 videtur
1264 1554 1302 1578 m
1319 1542 1585 1588 investigandis

172 1596 350 1643 exemplis
389 1596 486 1633 illius
525 1597 866 1643 argumentationis,
906 1596 1011 1633 velut
1048 1597 1085 1632 in
1124 1608 1172 1632 or.
1204 1596 1237 1641 6,
1253 1596 1341 1633 62-
1351 1597 1398 1633 63
1409 1597 1433 1642 ⁴)
1477 1598 1515 1633 et
1547 1597 1586 1632 in

172 1662 226 1697 ep.
235 1652 259 1695 5)
279 1652 311 1697 1,
327 1651 369 1696 8,
406 1663 460 1698 ep.
479 1652 635 1696 4,1—4,
656 1651 763 1696 5-6,
800 1663 854 1698 ep.
872 1651 905 1696 9,
922 1651 1100 1696 15—170)
1127 1650 1224 1686 hano
1248 1650 1370 1686 inesse
1396 1662 1584 1696 negamus.

173 1704 251 1740 Hoc
277 1707 403 1741 autem
428 1679 670 1741 Muensohero
697 1679 971 1741 concedendum
998 1707 1056 1741 est
1080 1704 1182 1741 illam
1207 1703 1363 1741 formam
1389 1716 1584 1750 argumen-

173 1758 279 1793 tandi
303 1759 340 1794 in
368 1771 421 1806 ep.
441 1759 462 1794 3
489 1771 565 1795 non
591 1771 796 1804 occurrere3
830 1761 943 1807 atque
970 1759 1216 1795 assentientes
1247 1770 1315 1795 nos
1338 1758 1466 1806 habet,
1502 1770 1585 1795 cum

173 1811 261 1847 dieit
273 1813 313 1856 7ε)
343 1812 440 1858 „Das
465 1812 603 1848 Fehlen
630 1813 694 1848 des
716 1812 962 1859 Epicheirems
989 1812 1145 1848 beweist
1170 1823 1288 1858 gegen
1313 1787 1585 1848 Isokratischen

174 1865 391 1911 Ursprungf‘
428 1867 645 1913 praesertim
680 1878 763 1902 cum
797 1866 834 1902 id
868 1878 942 1902 non
977 1865 1097 1902 solum
1135 1866 1184 1901 sit
1222 1867 1491 1910 argumentum,
1519 1865 1584 1901 sed

173 1930 289 1954 unum
315 1930 334 1954 e
361 1919 495 1955 multis.

292 2028 312 2064 1)
333 2035 404 2065 pag.
420 2026 457 2056 12
478 2026 598 2056 dissert.
714 2038 717 2039 ⁷

292 2071 314 2108 2)
336 2071 417 2100 Acta
438 2071 534 2100 Acad.
555 2071 631 2100 Bav.
656 2071 741 2100 1853.

290 2115 311 2152 3)
333 2115 400 2144 Att.
423 2114 547 2143 Bereds.
562 2114 613 2149 111.
628 2114 656 2149 2,
665 2114 693 2146 2.
715 2114 783 2144 380.

290 2159 311 2196 ⁴)
334 2158 375 2188 cf.
397 2158 556 2188 Muensch.
578 2158 631 2187 1.1.
653 2167 682 2195 p.
696 2157 737 2186 42
757 2158 829 2187 adn.
843 2158 871 2187 8.

288 2202 310 2240 ⁶)
331 2202 364 2232 id
385 2201 468 2241 quod
489 2201 627 2231 Blassius
647 2201 666 2231 l.
682 2201 776 2240 paulo
797 2209 890 2239 supra
910 2201 929 2231 l.
945 2202 1059 2236 mouet,
1081 2209 1150 2230 cum
1164 2200 1255 2230 dicit:
1277 2200 1316 2231 M.
1331 2201 1471 2240 dagegen
1486 2204 1584 2232 neunt

168 2255 204 2276 es
226 2246 269 2281 E..
291 2255 382 2276 wenn
403 2246 445 2275 im
468 2245 493 2276 1.
510 2245 612 2275 Briefe
633 2268 640 2275 .
657 2268 664 2276 .
679 2268 686 2275 .
709 2245 726 2283 ξ
746 2245 766 2274 8
787 2245 867 2274 nach
889 2245 918 2274 d.
933 2244 1164 2282 Anksmdigung
1176 2246 1298 2282 καὶμὴν
1312 2255 1338 2276 e.
1354 2256 1382 2285 q.
1398 2255 1422 2276 s.
1437 2246 1469 2275 in
1483 2246 1581 2276 einem

168 2291 312 2328 einzigeu
333 2290 429 2320 Satze
457 2290 507 2319 die
528 2289 740 2327 Begrsmdung
759 2290 898 2327 gegeben
920 2289 1005 2323 wird,
1034 2288 1095 2318 dass
1116 2288 1223 2325 truher
1242 2298 1324 2319 zwar
1344 2299 1377 2319 es
1397 2290 1487 2320 nicht
1508 2290 1581 2319 zeit-

167 2334 282 2371 gemfiss
303 2343 447 2372 gewesen
468 2334 552 2363 ware
573 2333 664 2371 (ratio
679 2342 708 2362 n.
723 2332 783 2370 Μ.),
806 2333 1019 2371 gegenwartig
1039 2332 1114 2362 aber
1134 2332 1288 2363 durehaus
1310 2333 1341 2371 (r.
1357 2343 1383 2364 o.
1397 2343 1428 2363 n.
1443 2334 1502 2372 Μ).

287 2379 309 2415 ⁰)
331 2376 530 2409 Muensch.'l.
545 2377 564 2407 l.
586 2386 616 2416 p.
629 2377 670 2407 44
690 2377 761 2407 adn.
776 2376 804 2407 2.

287 2423 308 2459 ⁷)
329 2431 359 2460 p.
374 2422 421 2453 44.
462 2423 498 2452 Iu
519 2431 567 2461 ep.
581 2422 601 2452 6
622 2421 695 2452 inde
717 2423 835 2452 certum
856 2423 1074 2460 argumentum
1095 2421 1205 2452 deduci
1224 2431 1316 2461 posse
1329 2431 1487 2460 negamus,
1509 2422 1582 2461 quia

169 2466 328 2496 Muensoh.
348 2467 425 2505 ipse
437 2466 585 2504 concedit.
602 2466 634 2496 in
644 2475 721 2505 par.
738 2465 827 2503 12114
841 2465 923 2495 hano
936 2465 1323 2504 formam-argumentandi
1336 2466 1466 2496 inveniri
1480 2474 1581 2505 posse.
