1770 2749
768 126 989 162 -6-

173 224 354 272 promisso
364 223 528 260 nondum
538 223 730 261 satisfecit.
744 223 910 261 Eandem
920 224 1147 261 sententiam
1155 223 1307 272 protulit
1317 223 1586 270 Susemihlus,²)

174 278 236 325 qui
261 280 389 314 tamen
415 278 735 323 argumentatione
762 279 900 314 omissa
924 279 976 315 nil
1001 278 1190 326 professus
1216 281 1274 314 est
1298 278 1371 314 nisi
1395 278 1465 314 hoc
1490 290 1585 322 eum,

174 332 236 378 qui
262 331 440 379 epistulas
466 330 549 366 illas
585 333 757 367 accurate
787 334 996 378 tractasset,
1032 331 1077 368 de
1103 331 1300 368 authentia
1326 342 1452 368 earum
1478 330 1586 367 dubi-

177 387 340 421 taturum
370 397 462 422 esse.
513 384 727 433 Nuperrime
765 386 922 433 denique
950 385 994 422 de
1020 385 1191 422 omnibus
1216 385 1274 421 his
1300 385 1467 433 epistulis
1494 385 1587 421 satis

175 439 319 486 copiose
356 439 586 485 disputatum
624 441 681 475 est
715 452 738 475 a
769 440 847 475 viro
884 439 990 476 docto
1014 438 1106 475 Italo
1133 439 1317 475 Demetrio
1349 439 1393 475 de
1420 438 1586 483 Gratiafl)

175 492 285 528 Cuius
321 491 531 528 dissertatio
567 492 666 540 apud
701 504 769 529 nos
805 493 927 529 minus
961 495 1051 529 nota
1085 491 1232 528 videtur
1265 503 1357 537 esse,
1396 504 1515 540 neque
1549 491 1587 528 id

173 546 366 592 immerito,
401 557 489 582 nam
514 546 715 582 maximam
749 549 893 594 partem
927 546 988 583 ille
1013 545 1114 583 haud
1139 546 1233 582 bene
1259 558 1411 582 munere
1436 546 1586 582 functus

174 602 242 646 est,
281 599 319 635 id
357 600 454 647 quod
489 602 644 647 apparet
676 600 736 636 vel
763 612 782 636 e
822 612 968 636 summa
1006 600 1245 647 quaestionis,
1285 611 1380 646 quae
1418 600 1515 636 inest
1548 600 1585 635 in

173 653 435 701 ephemeride³)
468 654 587 690 Atene
611 665 631 690 e
653 653 772 690 Roma
793 654 970 701 inscripta
995 653 1163 701 quodque
1187 653 1416 701 Drerupius⁴J
1444 664 1587 700 quoque

173 719 291 755 nuper
317 708 473 753 monuit3
502 707 727 744 abiudicavit
753 709 878 744 autem
905 707 965 744 ille
992 708 1039 744 ab
1065 707 1226 744 Isocrate
1253 719 1381 743 omnes
1407 706 1586 755 epistulas

175 761 403 808 superstites.
455 761 567 797 Vides
593 762 713 807 igitur,
749 761 933 808 quomodo
959 773 1018 797 res
1052 762 1100 797 sit
1131 763 1358 807 comparata:
1392 761 1431 796 in
1458 772 1585 796 omnes

175 814 354 862 epistulas
380 816 525 862 praeter
551 814 717 852 Gratiam
742 815 1014 862 inquisiverunt
1030 814 1195 851 Blassius
1222 816 1259 850 et
1276 813 1586 851 Wilamowitzius

174 870 230 905 ita
255 871 394 913 tamen,
422 871 465 905 ut
490 881 510 905 e
536 869 640 905 nulla
664 869 741 905 fere
768 869 841 905 alia
866 881 905 905 re
939 869 1113 905 iudicium
1138 870 1308 915 peterent
1332 869 1404 904 nisi
1430 880 1450 904 e
1475 868 1587 904 rebus

173 922 365 958 historicis.
416 922 471 957 De
505 933 673 958 sermone
708 924 833 958 autem
860 922 1110 969 epistularum,
1150 933 1224 958 non
1259 922 1432 966 omnium,
1468 921 1532 956 sed
1558 921 1585 965 Ι,

173 976 234 1021 IV,
269 976 329 1022 VI,
366 975 448 1012 VIII
483 978 733 1024 exposuerunt
758 976 956 1024 Hauptius,
995 975 1147 1020 Keilius,
1174 974 1437 1011 Muenscherus
1462 974 1497 1011 ll.
1523 974 1586 1020 113⁵)

176 1030 305 1077 Itaque
332 1041 464 1077 operae
490 1030 648 1077 pretium
676 1042 756 1066 esse
776 1041 971 1066 censemus
997 1029 1042 1066 de
1061 1029 1302 1077 epistularum
1319 1029 1585 1064 Isocratearum

174 1083 372 1120 authentia
386 1083 473 1131 quid
486 1083 724 1121 iudicandum
737 1083 919 1130 videatur,
935 1083 1055 1120 denuo
1071 1085 1240 1120 accurate
1255 1083 1381 1130 quaeri
1394 1084 1586 1130 totamque

177 1138 434 1185 quaestionem
459 1139 659 1176 retractari.
710 1139 838 1186 Neque
865 1150 952 1175 vero
979 1138 1023 1174 de
1058 1138 1219 1174 omnium
1246 1136 1487 1184 epistularum
1511 1136 1586 1172 fide

175 1197 213 1227 et
240 1192 462 1227 auctoritate
488 1203 587 1227 nunc
613 1191 847 1237 disseremus,
875 1192 940 1228 sed
966 1191 1011 1227 de
1029 1192 1087 1236 III,
1106 1191 1166 1237 IV,
1185 1190 1245 1236 IX,
1264 1190 1325 1235 VI,
1353 1190 1440 1237 quia
1466 1190 1511 1226 de
1528 1190 1588 1225 his

174 1248 315 1282 certum
341 1245 517 1282 iudicium
543 1245 637 1282 ferre
663 1245 797 1282 licebit.
848 1245 1012 1293 Reliquis
1039 1257 1183 1293 quoque
1209 1245 1249 1280 in
1271 1244 1439 1291 epistulis
1464 1243 1586 1280 inesse

173 1299 363 1344 nonnulla,
404 1299 537 1345 quibus
571 1299 666 1335 fides
701 1311 826 1335 earum
860 1299 1091 1344 infringatur,
1136 1310 1181 1334 ex
1218 1298 1288 1334 hac
1328 1297 1586 1334 dissertatione

175 1352 377 1400 apparebit.
430 1352 532 1396 Quae
558 1355 686 1388 tamen
713 1354 933 1398 argumenta
963 1363 1037 1388 non
1064 1351 1155 1388 adeo
1181 1351 1286 1387 nobis
1313 1352 1586 1398 persuaserunt,

174 1411 216 1442 ut
243 1406 499 1453 quaestionem
526 1407 571 1443 de
596 1406 667 1443 illis
703 1406 870 1454 epistulis
905 1406 952 1442 ad
977 1405 1089 1442 finem
1124 1405 1319 1453 perducere
1354 1405 1437 1441 ausi
1462 1405 1586 1441 simus.

293 1461 415 1507 Atque
449 1460 521 1496 hac
554 1461 593 1495 in
628 1460 886 1496 dissertatione
922 1462 1141 1504 argumenta
1174 1459 1337 1506 inprimis
1372 1471 1392 1495 e
1419 1470 1586 1495 sermone

174 1513 335 1560 petenda
378 1516 500 1560 erunt,
551 1525 670 1561 neque
714 1525 800 1550 vero
844 1525 1039 1561 sequemur
1085 1514 1265 1550 rationem
1306 1512 1473 1560 Hauptii,
1525 1513 1587 1560 qui

176 1568 381 1613 dictionem,
420 1580 515 1615 quae
553 1569 652 1604 inest
689 1569 728 1604 in
767 1568 935 1616 epistulis
970 1568 995 1613 Ι,
1028 1567 1088 1614 VI,
1121 1567 1211 1613 VIII,
1251 1566 1472 1604 simillimam
1506 1578 1587 1603 esse

176 1622 383 1657 orationum
410 1621 560 1657 dictioni
586 1621 778 1658 ostendere
805 1624 844 1657 et
869 1621 1099 1657 differentias
1118 1633 1294 1657 excusare
1320 1620 1381 1656 vel
1407 1620 1587 1668 explicare

176 1674 319 1710 studuit
345 1686 387 1710 eo
406 1674 569 1720 consilio,
599 1677 639 1711 ut
657 1675 834 1722 epistulas
858 1675 1038 1721 genuinas
1057 1686 1139 1710 esse
1157 1675 1347 1719 statueret,
1373 1674 1587 1721 praesertim

176 1739 260 1763 cum
284 1728 457 1764 falsarius
483 1731 562 1765 tam
588 1731 760 1765 accurate
785 1740 905 1775 genus
924 1727 1068 1765 dicendi
1094 1728 1173 1764 eius
1200 1728 1369 1773 auctoris,
1396 1739 1505 1774 quem
1530 1729 1589 1763 est

175 1781 398 1825 imitaturus,
418 1783 618 1828 exprimere
636 1782 764 1829 possit,
781 1784 825 1817 ut
843 1782 887 1818 de
905 1782 980 1818 fide
998 1782 1123 1829 scripti
1139 1781 1216 1817 fere
1241 1782 1293 1817 nil
1312 1793 1331 1816 e
1349 1780 1587 1817 similitudine

177 1834 346 1870 dictionis
386 1834 577 1871 efficiatur.
637 1835 710 1871 Sed
747 1834 863 1872 multo
902 1835 984 1883 plus
1022 1834 1192 1882 ponderis
1230 1833 1467 1871 tribuendum
1506 1845 1587 1870 esse

176 1899 370 1923 censemus
406 1889 438 1924 ei
471 1889 615 1933 rationi,
656 1901 730 1935 qua
768 1889 933 1936 inprimis
969 1888 1202 1925 differentiae
1227 1890 1452 1935 premuntur,
1493 1898 1587 1933 quae

175 1942 272 1977 inter
298 1941 494 1977 dictionem
512 1942 550 1977 in
568 1942 795 1977 orationibus
823 1944 861 1978 et
877 1942 916 1977 in
934 1941 1100 1988 epistulis
1119 1941 1322 1977 adhibitam
1347 1939 1588 1976 intercedunt.

295 1994 513 2040 Priusquam
539 2006 626 2031 vero
653 1994 700 2030 ad
726 1994 891 2040 singulas
918 1994 1098 2041 epistulas
1117 1994 1333 2030 tractandas
1359 1993 1587 2038 accedamus,

176 2059 306 2095 pauca,
343 2059 439 2095 quae
466 2048 513 2083 ad
540 2048 705 2083 omnium
732 2047 970 2095 epistularum
998 2058 1204 2083 sermonem
1230 2047 1402 2092 attinent,
1429 2057 1587 2082 comme-

176 2113 318 2138 morare
344 2101 463 2138 liceat.

296 2220 316 2255 ¹)
338 2218 618 2248 Alexandrinische
638 2217 993 2256 Litteraturgesehichte
1013 2217 1050 2252 11,
1062 2217 1121 2247 586
1140 2217 1231 2247 Anm.
1245 2216 1293 2247 26.

293 2263 313 2301 ²)
336 2263 382 2292 De
404 2262 553 2292 Isocratis
575 2271 654 2301 quae
675 2262 818 2292 feruntur
839 2261 991 2301 epistulis;
1013 2261 1143 2292 Catinae
1165 2261 1250 2291 1898.

294 2308 316 2344 ὃ)
338 2307 401 2337 vol.
416 2306 466 2342 ΙΙΙ,
488 2315 571 2337 num.
586 2306 679 2342 XVII,
701 2316 730 2336 a.
746 2306 831 2337 1900.

292 2351 315 2388 ⁴)
337 2351 458 2380 Blfitter
479 2350 529 2379 tur
550 2350 643 2388 Bayr.
658 2350 1036 2388 Gymnasialschulwesen
1059 2349 1150 2379 1901:
1172 2350 1229 2379 Die
1242 2348 1589 2387 Vulgatfiberlieferung

176 2394 230 2422 der
250 2394 509 2424 IsocratesbrieIe.

293 2439 314 2475 ¹⁵)
335 2438 476 2468 Blassius
498 2447 622 2477 quoque
643 2437 674 2467 in
696 2438 804 2476 Eloqu.
819 2439 886 2469 Att.
901 2438 942 2468 ad
963 2446 1136 2468 sermonem
1156 2437 1188 2467 in
1209 2437 1287 2475 sing.
1303 2437 1392 2475 epist.
1414 2435 1589 2466 adhibitum

175 2490 278 2519 pauca
299 2482 439 2512 adnotat.
