1770 2749
745 101 982 138 ,44-

153 199 350 247 Iosephy‚¹)
378 201 440 247 qui
466 199 511 236 de
536 200 651 236 initiis
678 201 716 236 et
741 199 917 237 clausulis
943 200 1170 245 singulorum
1188 199 1464 236 enuntiatorum
1483 199 1568 245 egit,

152 254 209 289 ita
234 255 373 299 tamen,
401 256 443 289 ut
468 253 636 300 epistulis
662 265 734 289 non
763 255 938 301 respectis
963 253 1070 289 initia
1094 253 1334 301 periodorum
1350 253 1461 289 trium
1487 264 1569 289 ora-

153 307 298 343 tionum
325 307 481 353 (Paneg.‚
509 307 678 355 Philippi,
706 307 843 353 Euag.),
873 307 1058 344 clausulas
1084 318 1217 343 novem
1243 307 1451 343 orationum
1478 318 1569 343 exa-

153 362 321 406 minaret,
341 361 555 397 observavit
571 361 611 396 in
630 361 868 406 orationibus,
889 361 1033 397 duobus
1050 361 1149 405 locis,
1170 372 1237 396 sex
1255 360 1386 396 breves
1405 360 1568 407 syllabas

152 415 191 449 in
219 414 386 450 clausula
412 426 494 450 esse
522 414 565 460 (8,
585 415 639 450 12.
669 415 724 460 12,
740 415 808 460 29).
847 416 879 450 A
906 426 978 462 quo
1004 426 1086 459 usu,
1114 426 1222 461 quem
1240 425 1326 450 vere
1344 414 1568 450 Isocrateum

153 479 235 503 esse
251 479 378 503 omnes
393 468 579 503 orationes
593 469 813 515 perscrutati
826 468 1045 514 invenimus,
1060 468 1168 515 plane
1184 467 1308 503 differt
1319 467 1378 503 hic
1387 467 1568 515 epistulae

152 521 265 566 locus,
301 533 373 568 quo
408 533 483 557 non
517 522 640 557 minus
676 534 809 558 novem
844 522 1010 569 syllabae
1041 522 1169 558 breves
1194 522 1233 557 in
1259 521 1361 557 exitu
1386 520 1567 567 leguntur.

151 575 280 622 Neque
315 575 456 610 tollitur
489 575 581 611 haec
617 575 818 611 difficultas
844 575 935 620 loco,
971 575 1034 622 qui
1060 578 1117 611 est
1146 575 1200 620 12,
1219 575 1299 620 150,
1334 586 1406 622 quo
1431 586 1566 610 novem

151 628 317 677 syllabae
345 629 475 666 breves
500 631 703 676 recurrunt,
731 629 904 677 quoniam
931 641 1006 666 non
1031 630 1068 665 in
1096 628 1264 666 clausula
1289 630 1376 665 sunt
1403 656 1409 664 .
1429 658 1436 665 .
1455 659 1462 666 .
1481 629 1567 665 ὅθεν

151 685 337 719 ἀπέλιπον·
365 685 452 729 ὅπερ
479 685 552 729 ἐγὼ
577 686 725 730 ποιήσω.

268 737 346 772 Iam
359 749 454 784 quae
466 737 514 772 ad
526 737 691 783 singulas
702 737 950 784 paragraphos
964 736 1180 772 adnotanda
1191 738 1289 782 sunt,
1301 748 1565 772 enumeremus.

268 791 347 827 Par.
369 792 403 827 1:
439 818 446 827 .
475 819 482 826 .
509 819 516 827 .
543 794 644 827 ἕνεκα
669 793 735 837 μὲν
760 796 821 837 τῆς
841 791 996 830 Ἰάσονος
1021 792 1080 826 καὶ
1106 791 1341 829 Πολυαλκοῦς
1367 792 1479 830 ξενίας
1505 819 1512 825 .
1531 817 1564 826 ..

150 844 436 880 Substantivum
472 847 563 885 ξενία
598 856 679 880 raro
713 844 845 889 legitur
871 843 969 891 apud
994 844 1201 879 Isocratem.
1251 843 1389 879 Plurali
1413 854 1564 879 numero

149 897 303 933 occurrit
329 899 363 943 4,
378 898 441 934 43:
467 900 527 937 τάς
551 913 586 933 τε
610 899 759 937 παλαιὰς
786 899 898 939 ξενίας
924 899 1193 933 ἀνανεώσασθαι
1219 924 1226 932 .
1253 924 1261 933 .
1288 925 1296 933 .
1328 897 1370 932 In
1397 896 1563 944 epistulis

148 951 337 987 invenitur
362 955 507 999 praeter
532 952 631 988 hunc
655 952 774 988 locum
803 964 856 998 ep.
875 952 974 994 VI,4
1000 954 1038 988 et
1063 951 1139 997 VII,
1154 951 1209 987 13.

267 1005 348 1040 Par.
367 1006 403 1041 2:
431 1007 515 1041 ἀλλὰ
535 1007 601 1051 γὰρ
619 1007 796 1051 ἐμποδίζει
813 1020 859 1051 με
875 1007 996 1046 πολλὰ,
1019 1007 1165 1051 μάλιστα
1182 1006 1247 1051 μὲν
1264 1005 1303 1040 τὸ
1320 1006 1370 1051 μὴ
1391 1006 1563 1040 δύνασθαι

146 1060 347 1094 πλανᾶσθαι
371 1060 431 1094 καὶ
455 1060 495 1094 τὸ
519 1061 570 1105 μὴ
597 1061 741 1104 πρέπειν
767 1061 1011 1100 ἑπιξενοῦσθαι
1035 1064 1105 1098 τοῖς
1129 1060 1351 1105 τηλικούτοις.

265 1112 429 1149 Verbum
464 1114 660 1159 ἐμποδίζειν
694 1113 808 1149 semel
843 1113 881 1149 in
916 1113 1143 1149 orationibus
1169 1112 1316 1158 legitur:
1355 1113 1409 1158 15,
1425 1112 1472 1148 59
1498 1117 1561 1148 νῦν

147 1167 187 1201 δέ
211 1181 256 1212 με
282 1168 321 1201 τὸ
348 1172 457 1212 γῆρας
483 1169 668 1212 ἐμποδίζει.
719 1167 760 1202 In
787 1167 954 1213 epistulis
981 1167 1135 1202 occurrit
1159 1166 1219 1212 IV,
1238 1168 1291 1201 11.

263 1220 303 1255 τὸ
329 1221 379 1266 μὴ
407 1221 581 1256 δύνασθαι
605 1221 804 1256 πλανᾶσθαι
829 1221 889 1255 καὶ
913 1221 952 1256 τὸ
977 1221 1027 1266 μὴ
1054 1221 1197 1265 πρέπειν
1223 1221 1467 1260 ἕπιξενοῧσθαι
1489 1247 1496 1255 .
1521 1247 1529 1255 .
1552 1246 1558 1254 .

146 1272 243 1308 hanc
279 1274 588 1310 constructionem
622 1274 776 1310 duorum
802 1274 1067 1310 infinitivorum
1093 1273 1247 1309 articulo
1273 1276 1485 1309 ornatorum
1512 1273 1559 1309 ab

145 1326 318 1362 Isocratis
345 1338 512 1363 sermone
539 1327 700 1363 alienum
727 1339 808 1363 esse
835 1339 948 1375 supra
974 1329 1016 1374 (p.
1035 1327 1109 1375 7s8)
1137 1327 1480 1363 demonstravimus.

263 1382 389 1420 πάντες
415 1383 449 1416 οἳ
473 1383 672 1427 πυθόμενοι
697 1383 759 1428 τὴν
784 1383 987 1427 ἀποδημίαν
1015 1383 1159 1420 δικαίως
1184 1383 1228 1416 ἄν
1243 1394 1316 1426 μου
1334 1383 1558 1426 καταφρονή-

144 1448 239 1469 σειαν
257 1461 263 1469 .
279 1462 286 1470 .
302 1462 309 1469 .
336 1434 622 1470 Substantivum
636 1437 817 1481 ἀποδημία
835 1435 874 1470 in
888 1435 1114 1470 orationibus
1127 1446 1202 1470 non
1215 1434 1357 1479 legitur.
1396 1434 1560 1469 Occurrit

144 1489 289 1534 praeter
314 1487 413 1523 hunc
438 1488 559 1524 locum
586 1501 640 1535 ep.
659 1488 736 1531 VII,
755 1489 808 1523 11.
851 1488 1014 1523 Verbum
1041 1489 1237 1533 ἀποδημεῖν
1255 1489 1476 1533 usurpatum
1494 1499 1557 1522 ex-

144 1542 222 1576 stat
247 1541 286 1576 in
312 1541 542 1577 orationibus
572 1543 626 1585 17,
642 1542 674 1577 4.
704 1543 759 1586 19,
775 1542 831 1577 20.
861 1542 979 1586 10,18
1006 1544 1043 1577 et
1068 1542 1107 1576 in
1133 1553 1187 1588 ep.
1206 1541 1266 1585 VI,
1282 1541 1314 1576 2.

262 1622 269 1630 .
297 1621 304 1629 .
331 1623 338 1631 .
364 1597 397 1631 εἰ
419 1597 478 1631 καὶ
502 1597 673 1641 πρότερον
699 1597 826 1631 ἄλλοθί
849 1610 919 1631 που
947 1596 1117 1641 διέτριβον
1143 1621 1150 1630 .
1177 1624 1185 1631 .
1212 1622 1219 1629 .
1245 1594 1313 1630 Hic
1338 1606 1429 1630 usus
1454 1594 1558 1630 verbi

143 1649 327 1694 διατρίβειν
353 1649 401 1684 ab
420 1649 603 1685 Isocrateo
629 1649 898 1696 quodammodo
925 1648 1053 1684 diflert.
1090 1648 1251 1683 Verbum
1278 1649 1307 1683 δ.
1335 1648 1432 1684 enim
1455 1649 1555 1695 ,apud

142 1701 244 1736 illum
278 1701 354 1737 fere
389 1714 531 1749 semper
565 1714 648 1738 cum
682 1702 1015 1749 praepositionibus
1050 1701 1286 1736 coniunctum
1311 1700 1453 1746 legitur,
1489 1703 1557 1737 aut

143 1766 227 1790 cum
245 1756 282 1790 ἔν
297 1770 360 1790 τινι
378 1758 421 1791 ut
439 1757 472 1800 3,
488 1756 544 1792 37.
572 1757 604 1800 7,
619 1755 676 1792 48.
692 1756 748 1791 50.
775 1756 808 1799 9,
824 1755 881 1791 50.
911 1756 966 1797 15,
986 1754 1063 1791 175.
1078 1755 1158 1791 271.
1173 1754 1254 1792 287.
1280 1754 1313 1800 9,
1327 1754 1386 1791 41.
1415 1755 1556 1800 12,15O

143 1811 210 1843 aut
236 1819 318 1843 cum
344 1811 402 1843 ἐπί
424 1824 486 1844 τινι
513 1809 643 1853 4,143.
673 1810 801 1854 11,18.
816 1809 872 1844 23.
899 1809 933 1852 3,
952 1809 1006 1843 19.
1036 1809 1153 1852 15,18
1179 1811 1247 1843 aut
1264 1820 1348 1844 cum
1363 1810 1450 1854 μετὰ
1476 1820 1504 1845 c.
1522 1821 1554 1853 g.

142 1860 176 1905 5,
194 1861 239 1894 12
258 1862 324 1895 aut
342 1862 557 1907 saepissime
577 1873 659 1897 cum
676 1863 758 1907 περί
771 1876 801 1896 τι
819 1863 862 1896 ut
879 1862 913 1906 2,
925 1862 947 1895 6
966 1862 1004 1896 et
1021 1860 1211 1907 permultis
1228 1861 1317 1897 locis
1336 1864 1381 1906 (v.
1397 1861 1555 1897 indicem

141 1926 173 1960 p.
192 1913 261 1959 46).
298 1913 377 1950 Uno
395 1914 474 1950 loco
493 1915 526 1959 4,
542 1916 609 1950 141
628 1915 775 1960 legitur:
802 1915 870 1960 ἤδη
889 1915 955 1960 μὲν
972 1916 1010 1955 ἔξ
1027 1917 1082 1961 ἔτη
1103 1916 1322 1961 διατέτριφεν.
1361 1914 1554 1962 Nusquam

141 1967 298 2002 verbum
325 1969 355 2002 δ.
383 1979 465 2002 cum
501 1968 676 2003 adverbio
703 1967 771 2003 loci
798 1969 841 2002 ut
867 1967 937 2003 hac
962 1967 999 2002 in
1033 1968 1192 2014 epistula
1224 1969 1272 2004 ab
1298 1969 1458 2004 Isocrate
1484 1968 1552 2005 ad-

139 2020 299 2056 hibitum
326 2023 393 2057 est.

259 2102 265 2109 .
285 2103 292 2110 .
311 2102 318 2109 .
337 2079 400 2110 νῦν
418 2076 539 2110 οἴκαδε
557 2076 717 2110 σπεύδειν
735 2103 742 2110 .
761 2102 768 2110 .
788 2103 795 2110 .
821 2076 961 2122 proprio
988 2087 1100 2112 sensu
1125 2076 1343 2123 properandi
1368 2076 1406 2111 in
1431 2076 1552 2112 locum

138 2128 299 2175 aliquem
321 2128 392 2164 hoc
410 2129 563 2164 verbum
582 2128 679 2175 apud
698 2128 896 2164 Isocratem
913 2141 987 2165 non
1004 2129 1200 2175 invenitur,
1227 2129 1264 2165 id
1282 2129 1552 2177 quodapparet

138 2194 158 2218 e
184 2182 273 2218 locis
292 2182 364 2218 his:
391 2181 426 2226 4,
445 2183 515 2217 164
541 2183 712 2227 (σπεύδειν
737 2183 796 2217 καὶ
812 2184 987 2229 μηδεμίαν
1008 2185 1183 2219 ποιεῖσθαι
1201 2185 1403 2230 διατριβήν),
1433 2184 1488 2229 11,
1503 2184 1550 2220 28

136 2238 185 2281 μὴ
206 2238 368 2271 σπεύδειν
385 2238 602 2281 ὡρμημένος
619 2236 729 2270 πολλὰ
749 2263 756 2270 .
776 2263 782 2270 .
803 2264 809 2270 .
829 2238 983 2272 διελθεῖν.
1026 2237 1067 2272 In
1094 2238 1127 2282 3,
1142 2237 1198 2273 50.
1228 2237 1283 2282 15,
1299 2238 1371 2273 290
1396 2237 1550 2273 verbum

136 2291 255 2324 σπεύδ.
283 2300 365 2324 cum
392 2289 586 2332 infinitivo,
615 2289 648 2332 5,
663 2288 710 2323 23
738 2300 821 2323 cum
847 2289 1058 2325 accusativo
1087 2302 1113 2326 c.
1140 2290 1202 2325 inf.
1229 2290 1472 2335 coniungitur.

254 2344 426 2388 ὑπογυίου
460 2356 523 2389 μοι
556 2346 617 2388 τῆς
642 2343 797 2388 τελευτῆς
822 2344 929 2389 οὔσης
955 2372 962 2379 .
989 2371 996 2379 .
1025 2372 1031 2379 .
1072 2343 1300 2380 Haereamus
1335 2345 1478 2391 oportet
1510 2345 1549 2380 in

256 2460 274 2497 ¹)
298 2460 359 2488 Der
379 2461 494 2489 orator.
515 2459 666 2488 Numerus
687 2459 736 2488 bei
757 2459 794 2489 Is.
815 2460 878 2489 und
899 2460 1061 2489 Demosth.
1103 2460 1211 2490 Zsirich
1234 2460 1318 2491 1887.
