1770 2749
109 238 228 284 „unde
255 239 315 275 ille
342 239 448 283 color,
475 240 538 277 illa
556 241 720 277 omnium
737 241 940 278 affectuum
960 242 1166 287 commotio,
1193 241 1257 277 illa
1273 242 1514 278 tumescentis

105 293 218 328 animi
257 292 494 340 eloquentia?
559 294 660 338 Quae
698 295 737 330 in
775 295 1042 332 declamatione
1081 297 1222 331 careret
1259 294 1512 342 explicatione,

104 347 270 382 excitans
305 347 379 382 ista
406 348 443 382 et
468 347 633 383 excitata
657 348 981 395 magniloquentia,
1019 348 1116 384 unde
1145 348 1320 393 originem
1346 349 1512 394 traxerit,

104 411 180 435 non
204 400 279 436 iam
305 400 432 446 quaeri
456 402 615 447 potest.“›
664 401 834 448 Inprimis
869 402 930 449 qui
955 414 1029 449 par.
1049 402 1096 438 64
1110 414 1187 449 sqq.
1213 413 1289 438 non
1314 413 1512 449 praeoccu-

101 455 190 500 pato
210 454 331 489 animo
349 453 552 500 perlegerit,
570 453 686 489 talem
703 454 982 501 descriptionem
1000 467 1047 491 ex
1064 456 1145 502 ipsa
1162 467 1284 491 rerum
1302 455 1513 491 condicione

100 507 229 542 natam
258 517 340 542 esse
365 517 485 554 neque
513 507 719 554 quindecim
743 506 822 549 fere
846 507 954 544 annis
976 511 1060 555 post
1077 521 1188 556 quam
1206 520 1265 545 res
1284 509 1510 554 evenissent,

101 559 208 596 facile
248 560 317 596 sibi
354 559 602 607 persuadebit.
664 561 795 608 Itaque
833 561 989 597 facimus
1028 574 1110 598 cum
1148 563 1434 599 Wilamowitzio
1473 566 1511 599 et

100 614 256 662 Meyero,
284 625 437 661 quorum
461 613 522 649 ille
547 614 641 650 haec
665 615 800 650 statuit
826 614 857 659 (l.
883 614 904 651 l.
931 615 990 659 11²,
1005 616 1104 660 394):
1134 617 1235 663 „Den
1253 618 1294 652 A.
1319 617 1423 653 kann
1440 628 1511 652 nur

101 668 158 704 die
183 667 489 704 vollkommenste
515 667 757 714 Verkehrung
783 668 873 704 aller
899 668 1118 705 Geschichte
1145 682 1213 706 aus
1238 670 1303 706 der
1328 670 1407 707 Zeit
1432 670 1508 707 los-

99 720 234 766 reissen,
273 722 311 756 in
349 721 407 757 die
444 733 483 757 er
516 722 594 757 sich
628 722 746 757 selbst
781 725 886 766 setzt,
913 721 997 764 366,
1033 722 1108 757 und
1142 723 1201 757 ffir
1232 724 1289 759 die
1316 724 1415 759 diese
1442 726 1509 769 gut

99 774 357 819 geschriebene
390 774 583 821 politische
618 775 821 811 Broschfire
857 776 1046 811 bestimmt
1078 776 1161 816 ist‚“
1198 776 1257 812 hic
1290 779 1414 812 autem
1442 788 1507 813 ex-

98 828 223 876 posuit
245 827 276 873 (1.
295 828 315 864 Ι.
334 840 366 875 p.
383 829 455 865 451
474 827 589 874 adn.):
616 829 707 873 „Die
726 828 863 865 Schrift
887 830 937 865 ist
963 829 1123 865 deutlich
1149 830 1199 864 im
1216 829 1326 866 Jahre
1344 830 1415 867 366
1441 842 1506 876 ge-

99 882 299 928 schrieben,
319 883 451 918 mitten
470 894 538 918 aus
556 882 619 918 der
636 883 853 930 politischen
869 882 1055 919 Situation
1074 883 1138 918 des
1152 883 1355 919 Momentes
1372 884 1507 920 heraus

97 934 173 971 und
208 935 329 971 nichts
362 936 525 981 weniger
558 936 614 971 als
651 937 710 972 ein
743 935 910 972 Produkt
945 935 1009 972 der
1043 936 1505 982 Stubengelehrsamkeit.“

208 989 348 1036 Restat,
355 991 398 1025 ut
410 1001 530 1037 pauca
542 990 657 1026 verba
668 990 761 1026 fiant
775 990 819 1026 de
828 990 962 1026 Blassii
976 990 1213 1035 argumentis,
1227 1002 1382 1037 quorum
1392 1002 1507 1026 unum

96 1043 166 1078 hoc
199 1042 278 1079 loco
311 1044 350 1078 in
385 1054 533 1079 censum
567 1044 672 1079 venit
704 1043 752 1088 id,
788 1044 885 1090 quod
925 1044 1020 1090 petit
1045 1055 1091 1079 ex
1118 1043 1275 1079 exordiis
1300 1044 1507 1080 orationum

96 1096 355 1133 Demosthenis
389 1097 639 1133 Timocrateae
678 1100 716 1133 et
752 1097 975 1145 Philippicae
1013 1097 1162 1144 primae.
1227 1097 1366 1141 Quibus
1404 1097 1507 1134 illum

96 1150 357 1186 Archidamum
382 1163 463 1186 esse
489 1151 675 1186 imitatum
701 1151 865 1187 Blassius
891 1151 979 1186 dicit
1013 1151 1060 1186 ob
1087 1163 1241 1198 eamque
1268 1163 1344 1187 rem
1370 1153 1506 1187 oratio-

95 1216 181 1240 nem
214 1205 435 1241 Isocrateam
468 1205 578 1252 paulo
613 1208 700 1241 ante
734 1205 1000 1241 Timocrateam
1035 1205 1130 1250 (353)
1170 1216 1252 1241 esse
1291 1205 1506 1242 confectam.

96 1258 172 1293 Suo
210 1260 336 1294 autem
373 1259 450 1294 iure
477 1258 619 1294 Keilius
657 1259 800 1294 monuit
832 1259 929 1294 hanc
962 1259 1207 1294 imitationem
1241 1260 1390 1294 minime
1424 1271 1505 1295 esse

95 1310 341 1358 premendam,
357 1323 439 1348 cum
453 1311 540 1348 dicit
554 1311 585 1356 (l.
599 1312 620 1347 1.
634 1324 667 1359 p.
681 1312 774 1359 6s7):
797 1312 906 1359 „quid
920 1312 1082 1359 impedit,
1098 1312 1293 1359 quominus
1307 1312 1505 1349 Isocratem

96 1368 134 1401 et
146 1365 433 1401 Demosthenem
447 1366 712 1413 prooemiorum
737 1365 921 1402 volumine
940 1377 1028 1401 usos
1047 1377 1128 1401 esse
1147 1367 1371 1412 statuamus,
1396 1367 1504 1413 quale

95 1418 321 1455 Andocidem
357 1422 395 1455 et
419 1419 570 1467 Lysiam
603 1420 768 1456 tenuisse
803 1421 937 1455 scimus
963 1422 1001 1455 et
1026 1420 1074 1455 ab
1099 1419 1331 1466 Antiphonte
1357 1423 1396 1456 et
1422 1420 1504 1456 aliis

96 1473 338 1519 compositum
365 1485 446 1509 esse
473 1474 679 1520 accepimus
690 1474 732 1508 ‘?“
784 1473 979 1508 Praeterea
1003 1473 1035 1508 si
1061 1472 1209 1508 omnino
1231 1472 1502 1509 Demosthenes

93 1527 260 1562 imitatus
287 1528 345 1562 est
370 1526 459 1563 illud
484 1527 720 1574 prooemium,
738 1526 999 1562 Archidamum
1024 1526 1255 1573 paucissimis
1281 1527 1389 1562 annis
1414 1529 1502 1563 ante

95 1580 336 1628 compositum
370 1580 581 1628 editumque
616 1593 697 1617 esse
733 1581 982 1617 existimemus
1017 1580 1160 1615 minime
1195 1581 1348 1627 oportet,
1383 1583 1421 1616 et
1455 1580 1500 1617 de

92 1634 275 1681 prooemio
297 1634 435 1681 primae
452 1634 675 1682 Philippicae
694 1634 858 1671 Blassius
875 1635 953 1682 ipse
970 1634 1061 1669 haec
1079 1634 1212 1669 statuit
1230 1633 1261 1677 (l.
1278 1634 1300 1669 l.
1318 1634 1393 1679 111²,
1401 1634 1500 1680 301):

94 1700 158 1734 „es
182 1687 291 1724 kehrt
314 1689 352 1723 in
388 1688 451 1724 der
475 1688 902 1734 Prooemiensammlung
933 1687 1079 1732 wieder,
1114 1687 1190 1723 und
1223 1699 1323 1723 zwar
1356 1688 1502 1724 scheint

93 1754 132 1778 es
158 1742 261 1778 nicht
294 1743 369 1778 erst
401 1741 461 1777 fiir
495 1742 593 1778 diese
619 1742 721 1778 Rede
748 1742 1019 1787 ausgearbeitet
1050 1754 1093 1777 zu
1120 1741 1209 1784 sein,
1246 1741 1404 1777 sondem
1430 1754 1500 1778 aus

90 1795 262 1832 frsiheren
287 1797 507 1841 παρασκευαὶ
534 1795 598 1832 des
624 1795 895 1832 Demosthenes
922 1808 967 1831 zu
992 1796 1207 1831 stammen.“

209 1849 310 1893 Quae
338 1861 420 1885 cum
445 1850 499 1885 ita
524 1850 610 1893 sint,
634 1844 896 1885 Archidamum
914 1849 1021 1885 annis
1038 1848 1149 1895 366s5
1167 1847 1277 1894 paulo
1295 1851 1381 1894 post
1398 1849 1499 1885 illam

90 1914 218 1950 pacem
244 1903 486 1950 conscriptam
513 1902 723 1950 editamque
750 1914 831 1939 esse
858 1904 1076 1939 statuamus.

207 1958 288 1994 Iam
312 1958 440 2000 restat,
468 1958 511 1992 ut
536 1956 695 1993 breviter
721 1957 943 1993 disseramus
969 1956 1013 1992 de
1039 1955 1188 1991 consilio
1208 1956 1395 1992 orationis.
1445 1957 1501 1992 Ac

89 2012 244 2057 primum
280 2010 424 2057 quidem
463 2011 506 2054 ei,
542 2011 603 2056 qui
638 2022 721 2046 eam
755 2010 1030 2046 declamationis
1063 2009 1141 2044 loco
1177 2020 1260 2044 esse
1286 2009 1497 2045 habendam

90 2067 251 2108 censent,
278 2076 353 2112 qua
376 2064 534 2100 fortasse
562 2063 747 2112 discipulis
773 2064 981 2111 exemplum
998 2063 1170 2111 praebere
1188 2063 1358 2110 voluerit,
1379 2075 1498 2100 errare

88 2119 196 2156 nobis
229 2119 411 2163 videntur,
449 2119 664 2164 praesertim
691 2130 773 2154 cum
809 2120 953 2154 constet
986 2117 1032 2161 id,
1074 2118 1171 2163 quod
1206 2117 1266 2153 ille
1301 2119 1338 2153 in
1374 2118 1498 2153 animo

88 2171 269 2216 habuerit,
287 2183 326 2207 re
343 2182 433 2207 vera
449 2171 624 2207 accidisse
640 2171 1023 2217 Lacedaemoniosque
1048 2182 1178 2217 pacem
1205 2182 1251 2206 ea
1277 2171 1498 2215 condicione,

89 2228 131 2261 ut
155 2225 327 2261 Messenii
351 2224 454 2261 liberi
480 2226 616 2270 essent,
652 2236 727 2261 non
753 2225 892 2261 iecisse.
943 2223 1058 2259 Multo
1086 2226 1213 2260 autem
1239 2225 1317 2260 veri
1343 2224 1498 2260 similius

88 2282 187 2316 esset
213 2279 517 2315 declamationem
542 2279 782 2316 statuendam
808 2292 900 2324 esse,
927 2279 958 2315 si
983 2278 1031 2314 illi
1060 2278 1311 2315 condicionem
1328 2278 1496 2326 proposi-

86 2336 165 2369 tam
183 2333 419 2380 accepissent.
450 2332 544 2368 Tum
556 2332 737 2369 Isocrates
757 2332 935 2380 quomodo
950 2331 1260 2376 Lacedaemoniis,
1281 2334 1325 2368 ut
1347 2332 1386 2367 in
1400 2331 1496 2368 bello

87 2387 246 2433 gerendo
271 2387 558 2434 perseverarent,
585 2386 797 2434 persuaderi
823 2386 1056 2434 oportuisset,
1088 2386 1339 2422 demonstrare
1364 2385 1496 2433 potuit.

87 2441 284 2477 Praeterea
317 2441 348 2476 si
382 2440 497 2476 oratio
532 2443 633 2476 esset
666 2440 895 2485 declamatio,
930 2440 1001 2476 hoc
1033 2452 1182 2487 prorsus
1209 2440 1422 2476 abhorreret
1448 2439 1496 2475 ab

86 2506 158 2531 usu
174 2494 355 2539 Isocratis,
382 2494 444 2541 qui
468 2493 616 2541 reliquis
643 2494 788 2542 scriptis
806 2493 980 2530 suasoriis
999 2493 1137 2542 aliquid
1153 2494 1193 2529 in
1209 2494 1318 2530 rebus
1336 2493 1494 2541 publicis

145 2557 254 2587 Woyte.
1277 2552 1297 2581 3
