1770 2749
677 142 921 178 -37-

213 238 526 285 Praepositionem
560 241 639 286 περὶ
673 252 701 276 c.
727 240 801 276 dat.
827 240 1063 276 coniunctam
1094 251 1169 275 non
1195 251 1381 276 occurrere
1407 240 1507 288 apud

97 293 260 329 oratores
286 292 421 329 atticos
446 292 518 329 nisi
543 294 613 330 hoc
636 293 716 331 loco
743 294 957 331 observavit
982 293 1171 339 Lutzius.¹)

212 346 374 381 Verbum
398 351 569 391 περισπᾶν
594 348 692 394 apud
716 348 946 395 posterioreS,
975 349 1018 383 ut
1043 347 1143 394 apud
1160 347 1389 394 Dionysium,
1416 348 1506 383 Plu-

94 398 273 445 tarchum,
310 398 552 445 Charitonem,
586 401 678 437 alios
703 400 911 437 adhibitum
936 400 1079 446 legitur.
1130 400 1259 448 Neque
1286 401 1507 437 contrafacit

93 451 196 489 locus
223 451 449 499 Euripideus,
485 454 548 500 qui
580 454 619 490 in
653 454 836 491 codicibus
869 455 927 491 his
962 455 1084 490 verbis
1117 457 1293 491 exaratus
1320 457 1396 490 est:
1430 454 1506 501 Iph.

95 506 134 541 Τ.
152 506 241 542 296;
275 511 353 552 σιγῇ
387 508 579 554 καθήμεθ’,
617 510 638 543 ὅ
664 510 702 544 δὲ
726 510 942 554 περισπάσας
968 510 1079 553 ξίφος,
1112 508 1178 543 Sed
1204 520 1228 543 a
1252 508 1427 543 Piersone
1453 509 1508 543 ita

94 559 252 606 scriptus
287 562 377 603 est.
405 587 412 596 .
439 589 446 596 .
484 562 559 606 χερὶ
592 563 727 601 σπάσας
759 563 870 608 ξίφος.
925 560 1086 597 Medium
1120 572 1239 606 genus
1275 561 1372 597 illius
1404 561 1507 597 verbi

95 613 249 649 occurrit
269 613 308 649 in
325 613 579 660 Xenophontis
598 615 825 662 Cyropaedia
842 615 918 660 3,1,
935 615 998 650 13:
1024 616 1278 660 περιεσπάσατο
1295 616 1359 661 τὴν
1375 616 1504 659 τιάραν.

211 666 334 702 Verba
359 669 396 702 ἒν
421 669 540 713 ῥάκεσι
564 670 880 714 περιφθειρομένας
905 668 1023 704 colore
1049 669 1158 703 nimis
1184 668 1327 715 poetico
1353 668 1401 703 ab
1428 668 1505 703 Iso-

94 720 205 756 cratis
239 731 406 756 sermone
440 720 586 757 diflerre
619 722 694 757 iam
726 721 893 758 Blassius
926 722 1080 768 monuit,
1117 721 1183 758 sed
1218 721 1317 770 quod
1351 724 1506 759 excusat

94 785 188 819 eam,
216 786 297 810 eum
323 775 520 811 Isocratem
545 775 668 812 studio
694 787 762 812 suo
788 778 901 823 atque
927 775 1055 812 ardore
1083 776 1278 823 abreptum
1305 788 1387 812 esse
1407 775 1504 821 dicit,

93 826 194 863 haud
229 828 302 863 scio
337 839 385 863 an
419 840 493 864 non
526 832 623 865 recte
656 828 792 866 fecerit.
851 829 947 865 Nam
981 831 1091 875 ῥάκος
1125 829 1406 866 substantivum
1440 841 1504 865 ex-

93 884 193 917 stare
227 881 303 917 vidi
337 881 435 930 apud
468 882 686 929 Homerum,
720 883 965 928 Herodotum,
1001 882 1236 931 Aeschylum,
1273 883 1503 931 Sophoclem,

94 935 311 982 Euripidem,
339 936 634 982 Aristophanem,
661 936 908 981 Plutarchum,
936 937 1150 981 Lucianum,
1175 936 1276 973 alios.
1319 937 1504 973 Abhorret

93 992 220 1024 autem
254 1000 277 1024 a
311 1000 477 1024 sermone
502 990 750 1036 prosaieorum
776 990 979 1026 atticorum.
1029 990 1070 1025 In
1096 990 1215 1026 titulis
1241 991 1364 1026 atticis
1391 992 1504 1037 ῥάκος

93 1041 168 1077 alia
192 1042 230 1078 vi
255 1044 368 1089 atque
394 1042 493 1089 apud
517 1043 675 1089 reliquos
702 1045 871 1079 auctores
897 1045 935 1079 et
959 1043 998 1079 in
1024 1044 1185 1091 epistula
1202 1049 1260 1080 est
1277 1044 1501 1080 adhibitum:

93 1107 177 1131 cum
194 1096 290 1131 enim
307 1096 367 1131 hic
385 1096 569 1141 significet
585 1096 730 1141 Fetzen,
758 1097 934 1144 Lumpen,
960 1097 1022 1142 ibi,
1040 1098 1084 1132 ut
1100 1096 1353 1142 Mommseni')
1379 1097 1501 1133 verbis

94 1151 188 1194 utar,
216 1151 275 1185 est
303 1150 384 1196 „ein
411 1149 527 1185 Stsmk
552 1149 661 1195 Zeug,
690 1149 756 1185 das
781 1152 972 1186 menstrua
997 1149 1314 1195 aufgenommen“.

209 1204 332 1250 Atque
360 1205 401 1238 ut
426 1203 496 1239 hoc
521 1204 648 1239 statim
666 1203 857 1249 addamus,
884 1215 930 1239 ne
952 1205 1241 1250 περιφῦείρεσθαι
1259 1204 1405 1251 quidem
1422 1216 1500 1240 ser-

92 1257 211 1292 monis
236 1257 409 1293 Isocratei
443 1258 509 1293 est.
561 1256 665 1301 Quod
699 1257 852 1293 verbum
878 1257 917 1292 in
942 1258 1024 1294 tota
1049 1257 1249 1303 graecitate
1274 1258 1499 1294 rarissimum

91 1322 210 1357 neque
237 1322 261 1346 a
282 1311 401 1358 poetis
418 1322 538 1358 neque
557 1323 580 1346 a
597 1311 771 1358 prosaicis
789 1313 877 1347 ante
895 1311 1099 1347 Lucianum
1116 1314 1337 1358 usurpatum
1353 1311 1500 1348 videtur

93 1376 176 1400 esse
202 1376 276 1400 uno
301 1365 457 1401 fortasse
483 1364 563 1401 loco
590 1367 754 1412 excepto.
805 1364 901 1401 Nam
926 1366 965 1400 in
989 1364 1210 1400 Leocrateae
1238 1376 1312 1412 par.
1331 1366 1378 1400 40
1399 1379 1499 1410 περι-

91 1419 352 1464 φθειρομένους
378 1419 542 1463 ocourrit,
578 1419 655 1465 sed,
687 1419 719 1454 si
744 1430 834 1454 vera
859 1420 917 1454 est
941 1418 1061 1463 lectio,
1088 1418 1162 1454 alia
1187 1420 1314 1454 tamen
1340 1418 1499 1465 quadam

90 1472 129 1507 vi
155 1475 267 1518 atque
293 1472 331 1507 in
359 1471 517 1519 epistula
542 1472 758 1508 adhibitum.

208 1524 288 1561 Par.
309 1525 354 1561 12
389 1528 518 1561 auctor
543 1524 646 1561 dicit:
681 1527 838 1572 εἴθισμαί
859 1539 894 1561 τε
920 1526 986 1571 γὰρ
1011 1526 1099 1572 μετὰ
1124 1526 1320 1572 παρρησίας
1345 1526 1397 1561 ἀεὶ
1421 1539 1498 1561 ποι-

90 1581 204 1616 εῖσθαι
239 1580 319 1619 τοὺς
352 1581 487 1625 λόγους.
537 1579 743 1616 Dictionem
772 1581 946 1616 ποιεῖσθαι
970 1580 1052 1619 τοὺς
1077 1581 1205 1625 λόγους
1230 1579 1422 1615 abhorrere
1449 1580 1497 1615 ab

89 1633 261 1669 Isocratis
299 1644 466 1668 sermone
505 1644 621 1680 nuper
659 1633 804 1679 copiose
843 1634 1015 1679 exposuit
1053 1633 1238 1677 Fuhrus.⁸)
1296 1632 1364 1667 Hic
1401 1632 1499 1668 enim

91 1686 320 1722 demonstrat
352 1686 455 1722 illum
490 1686 625 1722 dixisse
658 1700 685 1721 τ.
702 1687 730 1721 λ.
755 1688 930 1722 ποιεῖσθαι
955 1686 1137 1722 vocabulo
1164 1686 1333 1733 sequenti
1358 1698 1382 1722 a
1407 1697 1497 1722 con-

90 1741 248 1777 sonante
281 1740 479 1786 incipiente
514 1742 582 1776 aut
605 1740 725 1776 forma
749 1740 853 1776 verbi
877 1755 913 1777 π.
938 1741 978 1776 in
1003 1742 1267 1776 consonantem
1292 1740 1494 1785 desinente,

89 1798 133 1830 ut
161 1794 217 1839 12,
227 1794 275 1829 22
308 1794 458 1833 πολλοὺς
490 1795 517 1829 λ.
535 1795 747 1839 ποιούμενος
771 1795 851 1839 περὶ
876 1795 1093 1840 ἀνθρώπων.
1146 1794 1201 1838 12,
1212 1793 1259 1828 86
1284 1808 1309 1829 τ.
1327 1794 1355 1828 λ.
1373 1795 1495 1829 ποιού-

88 1862 205 1895 μενος,
232 1850 340 1888 ὅπως.
393 1847 448 1893 12,
460 1847 529 1883 221
556 1848 708 1888 πολλοὺς
733 1849 761 1883 λ.
774 1853 953 1884 ποιοῦνται
977 1849 1057 1894 περὶ
1082 1850 1206 1884 αὐτῶν.
1245 1848 1322 1892 Quo
1351 1847 1398 1883 ab
1423 1859 1496 1884 usu

90 1902 261 1938 differunt
286 1902 524 1949 epistularum
549 1901 619 1938 loci
645 1902 737 1946 9,12
764 1904 802 1937 et
827 1902 930 1947 9,16;
956 1903 1046 1948 πρὸς
1072 1903 1109 1937 σὲ
1125 1902 1336 1946 ποιούμενον
1352 1902 1434 1940 τοὺς
1451 1903 1491 1942 L,

88 1957 148 1991 καὶ
175 1983 182 1991 .
209 1984 216 1991 .
243 1982 261 1996 .,
296 1957 502 2001 congruunt
535 1966 618 1991 cum
650 1967 693 1991 eo
728 1955 793 2000 1,7
808 1956 907 1995 ετοὺς
939 1957 967 1991 λ.
985 1957 1028 1991 ἂν
1062 1956 1263 2000 ἐποιούμην.
1314 1954 1497 2001 8,·7επερὶ

89 2009 142 2046 ὧν
166 2014 345 2046 ποιοῦνται
369 2010 449 2049 τοὺς
474 2010 502 2045 λ.
521 2037 528 2045 .
546 2011 615 2055 ἔχει
650 2010 682 2045 δ’
709 2011 832 2049 οὕτως.
884 2009 1069 2053 9,14;καὶ
1103 2013 1164 2044 νῦν
1196 2010 1389 2054 ποιήσομαι
1414 2010 1497 2048 τοὺς

87 2065 223 2108 λόγους.

207 2151 227 2189 ¹)
248 2151 337 2186 Lutz,
365 2150 422 2180 Die
442 2149 696 2188 Praepositionen
718 2150 748 2181 b.
763 2149 791 2180 d.
813 2151 872 2180 att.
886 2149 994 2186 Reda„
1014 2149 1119 2186 Progr.
1142 2147 1170 2179 d.
1185 2148 1222 2178 K.
1238 2148 1453 2180 Studienanst.
1470 2159 1496 2179 z.

83 2178 242 2224 'Naustadt
261 2204 289 2223 a.
305 2194 333 2225 d.
348 2195 384 2224 H.
408 2193 483 2223 1887
503 2203 533 2231 p.
549 2193 613 2222 135.
633 2191 635 2195 ’

205 2239 225 2275 ⁹)
248 2238 401 2276 Philolog.
412 2238 460 2274 58,
470 2237 575 2275 343l73
598 2246 627 2275 p.
640 2236 700 2267 346
713 2236 792 2267 haec
806 2237 916 2267 habet:
939 2237 1038 2266 dieser
1052 2236 1226 2275 Darbringg
1240 2237 1305 2274 (des
1319 2236 1346 2276 ῥ)
1361 2237 1496 2273 musseu,

88 2282 137 2313 die
158 2292 197 2313 zu
217 2283 316 2322 geben
337 2282 458 2317 hatten.
479 2281 561 2313 noch
583 2281 700 2318 Gaben,
723 2282 773 2312 die
794 2282 848 2312 der
867 2281 966 2312 weibl.
988 2280 1096 2312 Gotth.
1118 2281 1347 2319 wohlgefielen‚
1370 2282 1496 2312 besond.

86 2327 211 2357 Kleider
231 2327 379 2365 zugefiigt
401 2328 501 2357 haben
521 2335 551 2356 u.
566 2326 642 2356 alles
663 2326 810 2364 Dargebr.
830 2325 1078 2356 bescheidenlich
1099 2325 1126 2364 ῥ.
1147 2329 1287 2364 genennt
1307 2326 1418 2355 haben.
1454 2327 1495 2360 So

86 2371 205 2401 konnte
225 2380 259 2401 es
279 2371 433 2406 kommen,
455 2370 515 2400 dass
537 2370 565 2400 d.
580 2370 690 2400 Ausdr.
711 2379 753 2400 an
773 2370 832 2400 don
847 2370 955 2399 Gaben
975 2368 1099 2398 hattete
1120 2370 1185 2399 und
1207 2379 1246 2399 zu
1268 2370 1339 2399 dem
1359 2370 1425 2399 ihm
1446 2379 1496 2399 ur-

86 2414 262 2454 sprfinglich
288 2415 428 2445 sremden
455 2415 550 2444 Sinne
576 2414 659 2444 einer
679 2414 886 2453 Dankesgabe
912 2413 964 2443 ssu·
983 2413 1141 2452 Erreichg.
1165 2414 1219 2444 der
1245 2413 1497 2453 jungfriiulichen

85 2459 273 2490 Altersstufe
292 2459 448 2498 gelangte.

203 2503 225 2541 ³)
246 2503 358 2533 Berlin.
379 2503 489 2533 Philol.
506 2502 728 2534 Wochenechr.
745 2502 822 2533 1905
841 2501 891 2533 Nr.
907 2501 954 2532 10.
