1770 2749
675 127 919 165 -53-

92 226 231 262 nuntur
262 226 358 262 inter
391 237 430 262 se
463 227 618 262 κίνδυνοι
652 228 690 262 et
722 228 886 273 ὠφέλειαι
920 228 963 262 ut
995 227 1034 263 in
1068 227 1171 263 exitu
1205 238 1279 273 par.
1309 226 1353 261 13
1387 226 1497 262 huius

94 278 294 326 epistulae).
347 279 494 326 15,145.
520 280 602 316 164.
627 280 708 316 202.
733 280 767 326 5,
777 279 836 316 40.
864 280 942 317 131.

210 333 339 380 Itaque
364 333 565 369 rectissime
589 345 706 381 nuper
730 333 774 369 H.
793 333 1064 382 Gomperzius1)
1099 333 1143 370 de
1173 334 1253 370 toto
1280 335 1496 379 argumento

92 386 203 422 huius
229 386 407 434 epistulae
432 386 620 433 iudicavit,
645 398 729 423 cum
754 386 860 424 dixit:
891 415 920 424 ..
934 415 942 424 .
956 415 964 424 .
999 387 1070 434 „So
1105 386 1254 424 besteht
1287 386 1404 433 gleich
1434 385 1497 422 der

92 440 329 477 wesentliche
358 440 481 477 Inhalt
513 452 665 477 unseres
690 440 829 478 Briefes
866 441 905 477 in
943 442 1007 478 der
1044 442 1220 478 weiteren
1256 439 1497 485 Ausfiihrung

92 493 225 530 zweier
250 493 465 540 Gedanken‚
491 493 550 531 die
575 506 647 531 uns
672 494 786 531 schon
805 507 880 532 von
895 494 1022 531 friiher
1037 496 1103 532 her
1126 495 1294 532 bekannt
1311 494 1407 531 sind:
1433 493 1497 531 der

93 548 175 584 eine
203 548 253 585 ist
278 547 344 584 das
370 548 513 597 Prinzip
544 548 608 586 des
634 550 930 596 ὁμολογουμένως
960 552 1034 596 ζῆν,
1069 549 1136 585 das
1161 561 1233 586 uns
1258 549 1373 585 schon
1399 549 1434 594 9,
1447 548 1496 584 44

94 601 305 647 begegnete.
354 602 483 639 Dieses
516 602 619 639 fiihrt
647 603 831 640 Isokrates
863 603 943 640 hier
974 603 1244 651 philosophisch
1276 603 1393 640 nahor
1425 614 1495 639 aus

94 655 246 701 (9—11).
296 655 369 692 Der
402 655 535 693 andere
565 656 615 693 ist
652 656 715 693 der
747 656 892 703 Vorzug
929 657 993 694 des
1030 656 1283 694 Privatlebens
1324 668 1391 693 vor
1432 655 1496 692 der

93 708 286 757 Tyrannis,
325 709 388 746 der
424 710 538 747 sehon
566 711 622 757 10,
636 711 733 748 32ff..
770 711 839 747 mit
874 711 1078 758 kynischen
1114 711 1367 756 Argumenten
1404 722 1494 746 aus-

93 762 411 809 einandergesetzt
443 764 546 801 ward
579 763 655 800 und
687 763 765 801 hier
797 765 865 801 mit
889 766 1007 801 etwas
1041 763 1229 801 bliisseren
1252 764 1397 801 Farben
1430 774 1493 810 ge-

94 816 265 854 schildert
297 817 388 854 wird
421 819 598 864 (11—13).
645 818 756 855 Sonst
780 818 897 855 bietet
921 818 988 855 das
1012 818 1123 855 kurze
1149 818 1346 855 Schreiben
1370 818 1492 854 nichts

93 880 168 906 von
192 870 362 916 Belang.“

210 924 284 961 Sed
299 925 392 962 haec
407 925 598 962 hactenus.
649 925 748 962 Satis
766 924 885 962 multa
901 927 1127 972 argumenta„
1146 925 1279 973 quibus
1297 924 1492 973 epistulam

92 976 144 1014 VI
168 990 245 1015 non
269 978 317 1015 ab
341 979 502 1016 Isocrate
528 991 609 1015 esse
635 980 874 1026 compositam
891 979 1172 1025 demonstratur,
1198 979 1370 1015 attulisse
1386 978 1493 1015 nobis

92 1031 267 1068 videmur.

210 1144 312 1180 Haec
343 1144 584 1189 habebamus,
620 1156 714 1192 quae
743 1144 792 1180 ‹de
826 1144 991 1192 epistulis
1020 1144 1210 1180 Isocrateis
1242 1143 1493 1191 proferremus.

93 1198 175 1243 Qua
187 1197 445 1235 dissertatione
457 1210 525 1236 nos
539 1197 676 1246 aliquid
688 1198 887 1235 contulisse
896 1198 944 1235 ad
953 1198 1224 1235 diiudicandam
1232 1198 1493 1246 quaestionem,

93 1264 189 1299 quae
215 1254 274 1289 est
298 1251 344 1289 de
369 1252 565 1289 authentia
589 1252 829 1300 epistularum
854 1252 1132 1299 Isocratem-um,
1157 1252 1320 1300 inprimis
1345 1251 1403 1297 III,
1433 1251 1493 1297 IV,

92 1303 153 1352 VI,
180 1305 241 1352 IX,
268 1317 457 1353 speramus
483 1308 595 1354 atque
620 1306 844 1343 confidimus.

211 1404 232 1442 ²)
253 1404 410 1434 lsokrates
423 1404 487 1434 und
500 1404 551 1434 die
565 1404 720 1440 Sokratik,
734 1403 859 1434 Wiener
873 1403 1003 1434 Studien
1018 1403 1095 1434 1906
1112 1403 1142 1434 S.
1159 1403 1258 1433 19811.
1289 1403 1379 1433 Errat
1391 1404 1497 1433 autem

94 1447 146 1477 hic
166 1448 215 1478 vir
234 1447 429 1478 doctissimus
449 1457 495 1484 eo,
518 1448 601 1488 quod
621 1448 702 1478 hanc
721 1448 888 1488 epistulam
907 1447 1073 1486 genuinam
1094 1456 1162 1477 esse
1182 1449 1298 1477 censet.
