1770 2749
692 146 938 182 -13-

112 244 362 289 conscisceret,
389 242 604 290 praesertim
630 253 713 279 cum
739 244 971 289 cognovisset
996 242 1192 290 deceptum
1214 254 1255 279 se
1273 253 1354 279 esse
1372 254 1416 279 ea
1442 254 1521 290 spe,

113 309 223 346 quam
248 308 312 344 per
336 298 456 332 totam
481 296 599 332 vitam
623 295 759 333 habere
784 307 859 332 non
885 297 1065 333 desiisset.

228 350 425 386 Praeterea
465 348 502 385 id
546 360 700 396 quoque,
744 349 841 397 quod
881 349 1048 386 Blassius
1090 350 1201 397 putat
1243 349 1290 385 ab
1325 349 1522 396 Antipatro

113 405 287 451 scriptum
323 402 413 439 illud
446 402 523 448 regi
547 402 724 439 traditum
749 415 842 448 esse,
878 403 979 439 haud
1002 403 1110 440 firmo
1134 403 1267 439 nititur
1292 404 1520 448 argumento,

113 458 200 505 quia
232 456 285 492 nil
319 455 363 492 de
395 455 660 493 consuetudine
684 456 855 493 Isocratis
879 457 1048 504 illiusque
1074 458 1301 504 compertum
1327 455 1520 501 habemus,

112 512 184 548 nisi
198 510 294 547 forte
312 521 395 546 eam
411 508 527 546 fuisse
545 510 641 546 inter
661 509 743 546 illos
769 510 909 547 efficiat
933 510 1065 558 aliquis
1090 522 1136 546 ex
1161 509 1322 558 epistula
1337 510 1382 554 4.,
1410 521 1522 556 quam

111 567 239 601 tamen
272 563 401 599 fictam
436 574 518 599 esse
551 562 648 599 infra
681 563 1001 601 demonstrabitur.
1050 565 1179 611 Itaque
1205 562 1364 600 concidit
1388 562 1523 599 Blassii

113 618 334 662 coniectura,
374 629 448 664 qua
486 616 545 653 ille
584 617 717 654 statuit
750 617 948 654 Isocratem
985 617 1070 654 inde
1105 618 1153 654 ab
1186 629 1285 655 anno
1321 618 1412 662 346,
1448 628 1521 664 quo

111 671 277 719 Philippo
312 671 515 707 orationem
541 672 573 707 5.
600 671 748 718 miserit,
783 671 1044 708 Macedonibus
1069 671 1318 717 nobilissimis,
1353 671 1521 719 inprimis

112 725 319 772 Antipatro,
344 723 574 761 familiariter
597 736 707 761 usum
733 737 824 771 esse,
849 724 887 762 id
911 725 1008 773 quod
1035 725 1196 774 epistula
1219 725 1253 762 4.
1271 725 1519 762 confirmetur.

111 779 326 816 Rectissime
366 779 492 814 autem
529 779 604 814 iam
637 778 836 826 Dionysius
868 791 944 816 rem
980 780 1183 827 explicasse
1216 779 1324 816 nobis
1359 779 1518 826 videtur,

112 844 195 869 cum
221 831 357 869 diceret
380 831 484 868 illum
509 832 671 868 animam
697 832 887 869 efflavisse
913 834 1045 879 ἀδήλου
1064 835 1110 869 ἔτι
1127 835 1238 874 ὄντος,
1260 837 1340 873 πῶς
1356 835 1521 880 χρήσεται

112 891 153 933 τῇ
177 887 264 932 τύχῃ
296 886 474 925 Φίλιππος.

210 939 312 983 Quae
338 940 462 975 omnia
486 951 569 975 cum
595 939 785 976 nobiscum
809 942 1035 987 reputamus,
1061 940 1184 976 facere
1209 952 1284 976 non
1306 951 1516 988 possumus,

112 993 200 1042 quin
235 991 280 1029 de
313 992 384 1028 fide
419 993 599 1040 epistulae
633 993 665 1029 3.
699 993 938 1030 vehementer
971 993 1191 1030 dubitemus.
1249 993 1357 1030 Hanc
1390 995 1519 1030 autem

112 1046 356 1094 suspicionem
390 1058 515 1083 veram
549 1058 630 1083 esse
665 1047 718 1083 eis
752 1058 905 1094 quoque,
941 1059 1035 1095 quae
1069 1048 1143 1083 iam
1173 1047 1350 1095 prolaturi
1376 1058 1516 1093 sumus,

112 1100 204 1136 satis
231 1100 507 1147 comprobatum
533 1100 577 1136 iri
602 1112 791 1148 speramus
818 1112 861 1137 ac
886 1095 1115 1137 confidimus

228 1154 282 1190 Ac
319 1154 475 1201 primum
510 1154 656 1201 quidem
690 1166 809 1201 pauca
842 1155 887 1191 de
922 1155 1186 1202 compositione
1223 1154 1404 1202 epistulae
1442 1154 1518 1190 dis-

114 1218 287 1244 seremuS.

227 1260 461 1308 Paragrapho
490 1261 509 1296 1
537 1262 665 1297 auctor
690 1260 777 1297 dicit
801 1273 841 1297 se
873 1261 910 1297 in
941 1261 1063 1298 animo
1089 1261 1226 1297 habere
1251 1261 1328 1307 regi
1350 1261 1518 1306 scribere,

111 1316 154 1350 ut
179 1314 267 1362 quid
291 1316 376 1362 post
399 1326 528 1362 pacem
553 1315 690 1351 factam
715 1314 914 1360 gerendum
940 1326 1021 1351 esse
1038 1316 1157 1362 putet,
1184 1315 1216 1351 ei
1234 1315 1393 1362 aperiat3
1420 1315 1518 1362 quod

112 1368 221 1405 simili
253 1367 361 1404 modo
396 1369 508 1416 atque
539 1368 577 1404 in
603 1368 767 1405 oratione
793 1368 1044 1416 expositurum
1070 1380 1110 1405 se
1137 1380 1228 1405 esse.
1280 1368 1382 1414 Quae
1406 1368 1520 1415 igitur

112 1421 264 1459 consilia
296 1423 335 1459 in
370 1421 440 1459 hac
473 1421 525 1458 illi
561 1422 660 1459 dedit
693 1422 900 1459 Isocrates?
949 1422 1174 1460 Graecorum
1207 1422 1518 1460 conciliandorum

110 1475 302 1523 Persisque
328 1475 414 1511 belli
439 1475 631 1512 inferendi.
682 1475 775 1519 Quid
793 1478 917 1512 autem
934 1476 973 1511 in
990 1476 1150 1523 epistula
1167 1477 1329 1512 suadet?
1369 1476 1430 1512 Nil
1446 1477 1518 1512 nisi

110 1528 196 1566 hoc:
230 1558 239 1566 .
265 1557 273 1565 .
299 1558 306 1566 .
331 1530 618 1576 παρακελεύομαί
647 1543 701 1566 σοι
733 1530 783 1576 μὴ
817 1530 1049 1576 καταμελῆσαι
1073 1531 1218 1571 τούτων,
1247 1531 1330 1576 πρὶν
1354 1532 1399 1565 ἂν
1422 1531 1520 1570 τέλος

111 1585 236 1630 ἐπιθῇς
260 1585 376 1623 αὐτοῖς
401 1585 486 1631 (par.
502 1583 550 1628 4),
576 1583 759 1631 pauloque
784 1586 869 1631 post
893 1584 1099 1620 accuratius
1125 1584 1294 1632 exponit:
1328 1585 1412 1620 ὅταν
1435 1585 1518 1624 τοὺς

54 1646 57 1648 ’
110 1638 176 1682 μὲν
191 1639 398 1684 βαρβάρους
414 1639 616 1683 ἀναγκάσῃς
631 1638 821 1673 εἶλωτεύειν
838 1642 906 1677 τοῖς
916 1638 1075 1684 Ἕλλησιν
1093 1665 1100 1672 .
1119 1665 1126 1673 .
1145 1665 1152 1673 .
1170 1638 1230 1673 τὸν
1248 1638 1286 1673 δὲ
1302 1639 1445 1684 βασιλέα
1464 1666 1471 1673 .
1485 1667 1493 1674 .
1509 1665 1518 1673 .

108 1693 259 1739 ποιήσῃς
283 1695 385 1727 τοῦτο
401 1693 570 1738 πράττειν,
597 1692 648 1727 ὅτι
670 1693 715 1727 ἂν
739 1692 782 1728 σὺ
799 1693 1016 1739 προςτάττῃς.
1059 1690 1131 1728 Sed
1148 1690 1354 1739 Philippum
1371 1691 1517 1737 iterum,

110 1747 307 1792 postquam
333 1745 525 1781 consilium
551 1745 682 1781 Persas
708 1745 803 1782 bello
828 1745 1069 1793 persequendi
1094 1745 1237 1792 aperuit
1262 1748 1347 1792 (par.
1373 1745 1418 1791 3),
1446 1745 1516 1781 ad-

110 1809 260 1836 monere
294 1809 611 1846 supervacaneum
645 1809 765 1846 neque
797 1799 958 1835 Isocrate
994 1798 1144 1844 dignum
1176 1798 1263 1844 suit,
1297 1798 1515 1845 praesertim

111 1863 194 1887 cum
226 1864 302 1888 non
336 1854 436 1888 esset
470 1851 726 1898 dubitandum,
752 1853 850 1899 quin
879 1864 945 1889 rex
977 1852 1072 1889 bello
1106 1854 1275 1899 suscepto
1308 1863 1384 1888 non
1414 1853 1517 1899 prius

111 1904 313 1942 destiturus
345 1907 454 1951 esset,
490 1917 602 1953 quam
627 1905 804 1942 barbaros
830 1906 902 1943 sub
925 1907 1147 1954 potestatem
1174 1916 1280 1941 suam
1304 1904 1516 1951 redegisset.

110 1958 238 2006 Neque
271 1959 350 1995 veri
384 1961 442 1995 est
476 1958 593 1994 simile
617 1958 828 2008 Isocratem,
863 1960 896 1995 si
928 1959 1036 1996 modo
1062 1959 1215 1995 victoria
1238 1958 1337 1994 illius
1362 1959 1517 2004 gavisus

112 2013 197 2059 (par.
215 2012 248 2059 6)
277 2012 475 2060 epistulam
500 2011 548 2048 ad
573 2011 677 2048 illum
702 2012 883 2058 dedisset,
917 2012 1095 2050 eiusmodi
1121 2011 1309 2049 exordium
1334 2012 1516 2059 epistulae

111 2066 396 2114 compositurum
425 2066 550 2102 fuisse.
600 2065 655 2102 Ea
680 2069 818 2113 autem,
852 2078 948 2115 quae
973 2067 1011 2104 in
1037 2067 1139 2103 exitu
1164 2065 1346 2113 epistulae
1371 2066 1517 2102 inveni-

111 2121 232 2166 untur,
268 2120 385 2156 multo
418 2120 567 2156 meliore
599 2119 678 2156 loco
715 2123 850 2166 essent,
885 2121 917 2156 si
949 2121 987 2157 in
1020 2120 1123 2156 initio
1156 2119 1366 2165 legerentur
1390 2121 1518 2168 eisque

111 2171 289 2211 Isocrates
315 2174 367 2211 illi
393 2174 500 2222 quasi
525 2173 772 2220 gratularetur
796 2175 997 2212 victoriam.

228 2228 269 2265 In
295 2240 371 2276 par.
391 2229 413 2264 2
448 2230 577 2265 auctor
602 2228 689 2265 dicit
714 2240 755 2265 se
780 2229 820 2265 in
850 2229 1014 2265 oratione
1039 2228 1115 2273 regi
1139 2228 1255 2264 missa
1281 2229 1316 2265 ei
1340 2229 1517 2273 suasisse,

110 2282 153 2315 ut
176 2282 433 2327 Athenienses,
468 2281 791 2327 Lacedaemonios,
817 2281 1024 2327 Thebanos,
1049 2281 1206 2327 Argivos
1232 2282 1452 2323 conciliaret,
1479 2285 1520 2318 et

111 2333 212 2371 addit
238 2337 435 2382 ἡγούμενος
459 2337 503 2371 ἂν
527 2336 588 2374 τὰς
612 2337 838 2382 προεστώσας
862 2337 979 2375 πόλεις
1002 2336 1122 2382 πείσῃς
1147 2337 1242 2372 οὕτω
1267 2340 1413 2383 φρονεῖν
1439 2364 1446 2371 .
1474 2364 1481 2371 .
1508 2363 1516 2372 .

111 2385 212 2430 Quae
229 2389 346 2426 verba
369 2389 578 2426 referuntur
603 2389 650 2425 ad
677 2401 725 2426 or.
743 2390 843 2431 530:
869 2391 961 2437 φημὶ
985 2390 1052 2436 γὰρ
1076 2392 1207 2436 χρῆναί
1229 2405 1268 2426 σε
1293 2418 1301 2426 .
1328 2419 1336 2426 .
1363 2419 1370 2426 .
1395 2404 1516 2436 πειρα-

110 2441 215 2487 θῆναι
233 2444 410 2484 διαλλάξαι
423 2471 430 2479 .
445 2472 452 2479 .
467 2472 475 2479 .
501 2445 583 2479 ὥστ’
601 2446 645 2479 ἂν
669 2445 830 2490 τέτταρας
845 2445 958 2490 μόνον
975 2445 1091 2483 πόλεις
1107 2444 1147 2480 εὖ
1165 2449 1309 2491 φρονεῖν
1324 2446 1445 2491 πείσῃς
1463 2471 1470 2479 .
1486 2472 1493 2478 .
1509 2472 1518 2478 .

110 2495 178 2531 κτλ.
228 2495 296 2533 His
329 2498 367 2534 in
400 2497 522 2534 verbis
556 2497 796 2545 premendum
830 2499 889 2534 est
922 2496 1012 2534 illud
1036 2499 1167 2545 πείσῃς,
1202 2510 1276 2546 qua
1306 2509 1396 2535 voce
1422 2509 1517 2546 quo-
