1770 2749
766 86 1002 121 „16-

182 184 238 230 19,
254 184 298 221 51
326 186 443 226 ταῦτά,
478 184 600 230 20,18
626 186 759 230 ὀρθῶς,
797 185 841 220 19
867 189 1016 221 τοιαῦτα.
1066 183 1142 220 Illis
1176 185 1303 220 autem
1333 183 1478 220 duobus
1502 184 1591 220 locis

181 238 225 283 (8,
241 237 303 283 50;
329 238 388 282 21,
402 238 437 283 4)
472 252 555 283 γιγν.
580 239 662 283 περί
691 251 784 276 τινος
818 238 1000 283 Significat
1033 248 1106 273 non
1145 236 1419 283 „besehliessen“
1433 265 1442 282 ,
1476 239 1521 273 ut
1552 237 1592 274 in

180 291 352 339 epistula,
380 291 446 328 sed
474 290 695 339 „erkennen,
721 290 914 328 urteilen“.

297 346 340 382 In
366 346 496 382 eadem
520 357 595 392 par.
613 345 728 382 verba
753 347 819 381 ἐπὶ
842 350 924 381 τῶν
949 348 1085 381 αὐτῶν
1108 346 1267 381 τούτων
1291 347 1432 391 μένειν
1454 345 1593 392 aliquid

179 410 255 434 non
281 398 506 435 Isocrateum
531 409 619 446 prae
645 410 685 434 se
710 398 846 434 ferunt.
897 397 1127 435 Vocabulum
1161 398 1259 434 enim
1287 400 1403 444 μένειν
1429 409 1512 434 oum
1538 400 1596 434 ἐπί

180 467 271 492 τινος
288 452 525 489 coniunctum
542 451 642 500 apud
653 451 852 488 Isocratem
871 464 945 489 uno
963 451 1042 489 loco
1060 451 1205 498 legitur:
1225 452 1283 497 10,
1294 451 1342 488 50
1355 454 1390 488 οἱ
1406 453 1592 499 δ’ᾗροῦντο

178 508 343 551 μένοντες
377 507 432 542 ἐπὶ
465 510 526 552 τῆς
551 507 732 552 ἀλλοτρίας
756 508 1046 553 καταγηράσκειν,
1081 517 1152 553 quo
1177 505 1257 542 loco
1282 508 1398 552 μένειν
1424 507 1480 542 ἐπὶ
1505 517 1533 542 ο.
1560 517 1592 551 g.

180 559 325 606 propria
357 559 396 599 vi
429 558 536 595 locali
571 561 628 596 est
662 559 881 596 adhibitum.
933 559 1015 605 Sed,
1047 561 1090 595 ut
1115 559 1333 606 exprimeret
1357 570 1592 607 perseverare

179 613 218 648 in
252 612 378 660 aliqua
412 624 462 657 re,
497 612 559 649 ille
593 613 674 649 aliis
709 612 931 650 dictionibus
966 615 1024 650 est
1048 625 1156 650 usus:
1191 615 1259 649 aut
1281 615 1398 659 μένειν
1424 615 1460 649 ἐν
1485 614 1520 658 ’7,
1534 613 1592 649 48.

179 667 214 713 8,
229 666 379 703 33.102.
409 667 465 711 12,
479 667 536 703 42.
547 666 620 702 238
655 669 722 703 aut
754 668 872 713 μένειν
908 668 964 703 ἐπὶ
998 679 1026 703 ο.
1061 667 1135 703 dat.
1160 663 1193 711 6,
1207 666 1264 703 69.
1295 667 1328 712 ’7,
1342 666 1399 703 52.
1425 667 1498 712 8,’7
1524 668 1593 702 aut

180 721 353 765 διαμένειν
379 721 434 756 ἐπὶ
460 731 488 756 c.
507 719 581 756 dat.
609 721 665 766 11,
684 720 738 756 16.
756 722 794 756 ἕν
809 720 845 765 4,
863 720 943 756 152.
969 720 1003 765 8,
1018 721 1075 756 51.
1093 721 1161 756 aut
1177 721 1337 766 ἐμμένειν
1357 719 1592 765 12,197.25Ο.

180 773 379 819 (1,13.51.)
407 773 562 820 aliisque
587 773 677 809 loeis
705 772 809 817 (conf.
835 773 943 810 indic.
968 786 1002 821 p.
1020 773 1090 820 69).

298 826 402 863 Haec
426 826 619 871 habemus,
646 838 742 874 quae
767 826 997 874 proferamus
1024 827 1069 863 de
1094 826 1323 872 differentiis,
1355 838 1451 874 quae
1475 827 1591 863 inter-

181 880 317 916 cedunt
349 880 447 916 inter
482 879 663 928 epistulae
698 882 737 917 et
770 880 981 917 orationum
1015 892 1232 918 sermonem.
1280 879 1332 917 Ut
1365 882 1493 917 autem
1517 880 1592 918 iam

179 946 292 980 supra
331 934 552 979 monuimus,
591 934 623 969 is
662 934 724 980 qui
761 935 859 970 hanc
898 935 1093 981 epistulam
1134 935 1348 981 composuit,
1383 935 1592 971 orationum

180 986 433 1034 sermonisque
458 987 628 1024 Isocratis
654 987 899 1035 peritissimus
923 987 1004 1024 fuit.
1054 988 1177 1035 Atque
1199 987 1377 1035 cumipse
1396 999 1436 1024 se
1454 988 1591 1024 oratio-

179 1052 271 1076 num
296 1043 452 1087 quartae
479 1043 517 1077 et
542 1041 695 1088 quintae
712 1041 895 1077 rationem
911 1041 1088 1077 habuisse
1106 1040 1360 1086 affirmaverit,
1386 1042 1592 1088 proximum

180 1095 249 1138 est,
288 1095 332 1128 ut
368 1095 488 1129 totam
528 1093 725 1140 epistulam
759 1104 843 1129 eum
878 1105 925 1129 ex
951 1093 1044 1138 aliis,
1079 1096 1159 1129 tum
1195 1105 1241 1129 ex
1265 1093 1336 1129 illis
1363 1094 1592 1130 orationibus

180 1147 416 1183 contexuisse
460 1146 626 1184 dueatur.
692 1148 826 1195 Itaque
869 1159 926 1193 ea,
971 1147 1104 1196 quibus
1148 1147 1307 1196 epistula
1356 1148 1467 1185 tertia
1509 1159 1592 1185 cum

181 1201 420 1246 orationibus,
459 1202 623 1248 inprimis
662 1213 746 1238 oum
784 1204 918 1248 quarta
960 1205 998 1238 et
1040 1202 1188 1249 quinta,
1232 1203 1414 1247 congruit,
1458 1202 1591 1238 afferre

180 1254 287 1290 nobis
311 1253 432 1290 liceat.

455 1345 508 1381 ep.
533 1333 591 1371 III.
1163 1334 1357 1371 orationes.

233 1388 263 1422 1.
288 1388 368 1431 περὶ
404 1401 440 1422 τε
477 1391 549 1422 τῶν
585 1392 627 1433 τῇ
664 1389 762 1423 πόλει
799 1389 859 1423 καὶ
972 1388 1027 1432 12,
1043 1388 1064 1422 2
1089 1389 1168 1432 περὶ
1191 1392 1263 1423 τῶν
1281 1389 1535 1433 συμφερόντων
1551 1393 1593 1435 τῇ

180 1444 251 1475 τῶν
277 1441 332 1475 σοὶ
358 1441 624 1486 συμφερόντων.
918 1455 953 1476 τε
977 1442 1074 1476 πόλει
1099 1441 1158 1476 καὶ
1182 1445 1253 1480 τοῖς
1278 1441 1393 1480 ἄλλοις
1411 1442 1559 1488 Ἕλλησι.

968 1494 1000 1539 5,
1015 1494 1063 1529 24
1087 1498 1158 1530 τῶν
1184 1496 1238 1530 σοὶ
1264 1495 1527 1540 συμφερόντων.

968 1547 1002 1593 5,
1013 1547 1061 1583 78
1077 1548 1157 1592 περὶ
1173 1552 1246 1583 τῶν
1260 1549 1315 1583 σοὶ
1329 1549 1591 1594 συμφερόντων.

231 1601 483 1647 ἐξαρκούντως,
511 1602 562 1640 ὡς
588 1601 739 1647 ἐμαυτὸν
765 1603 855 1636 ἔπει-
967 1602 1000 1646 5,
1014 1601 1062 1636 22
1086 1607 1247 1648 μετρίως,
1265 1603 1317 1641 ὡς
1334 1602 1486 1648 ἐμαυτὸν
1503 1603 1591 1638 ἔπει-

181 1655 260 1688 θον.
917 1656 997 1691 θον.

231 1708 264 1743 2.
291 1708 345 1742 δεῖ
364 1710 613 1753 παυσαμένους
646 1712 707 1754 τῆς
730 1710 858 1754 μανίας
967 1709 1000 1753 5,
1016 1708 1064 1743 88
1088 1709 1206 1755 παύσῃ
1232 1713 1292 1754 τῆς
1316 1710 1453 1754 μανίας.

183 1761 241 1795 καὶ
270 1765 330 1806 τῆς
364 1762 572 1802 πλεονεξίας,
606 1764 650 1807 ἢν
676 1763 857 1797 ἐποιοῦντο
967 1762 1000 1807 5,
1016 1763 1038 1797 9
1056 1762 1117 1801 τὰς
1132 1763 1342 1803 πλεονεξίας,
1360 1764 1402 1801 ἃς
1418 1767 1483 1798 νῦν
1495 1763 1591 1809 παρὰ

182 1814 272 1858 πρὸς
298 1815 475 1859 ἀλλήλους.
916 1819 988 1850 τῶν
1009 1816 1186 1861 Ἑλλήνων
1212 1817 1367 1857 ἀξιοῦσιν
1383 1817 1503 1855 αὑταῖς
1520 1817 1592 1861 γίγ-

917 1870 1049 1910 νεσθαι,
1082 1870 1207 1909 ταύτας
1233 1871 1263 1905 εἶ
1286 1870 1383 1916 παρὰ
1407 1873 1479 1905 τῶν
1503 1871 1591 1915 βαρ-

917 1924 1042 1968 βάρων
1066 1924 1280 1968 ποιήσασθαι
1304 1924 1521 1968 βουληθεῖεν.

967 1976 1062 2021 4,17
1089 1977 1149 2011 καὶ
1171 1977 1233 2015 τὰς
1256 1977 1324 2017 πλ.,
1350 1977 1393 2015 ἃς
1418 1980 1481 2012 νῦν
1504 1990 1540 2012 π.
1564 1991 1592 2012 τ.

234 2029 281 2066 εἰς
332 2028 394 2073 τὴν
437 2029 559 2063 Ἀσίαν
603 2028 663 2062 τὸν
704 2030 860 2074 πόλεμον
918 2029 964 2064 Ἑ.
991 2031 1081 2064 ἔπιθ.
1108 2031 1226 2068 αὑταῖς
1252 2043 1294 2074 γ.,
1319 2031 1445 2068 ταύτας
1461 2043 1497 2065 π.
1513 2044 1540 2065 τ.
1557 2032 1590 2076 β.

182 2082 380 2126 ἐξενεγκεῖν.
918 2083 1140 2128 ποιήσασθαι.

968 2135 1002 2181 5,
1017 2135 1040 2171 9
1078 2137 1126 2175 εἷς
1163 2136 1225 2182 τὴν
1263 2136 1377 2172 Ἀσίαν
1413 2137 1473 2172 τὸν
1514 2138 1591 2173 πόλ.

919 2191 1115 2234 ἐξενεγκεῖν.

230 2242 262 2278 3.
289 2244 528 2289 συνειρηκὲναι
552 2247 625 2282 ταῖς
642 2246 718 2282 σαῖς
736 2243 858 2278 ἐπιθυ·
968 2243 1002 2288 5,
1017 2243 1039 2278 3
1066 2244 1355 2289 συναγορεύοντες
1380 2248 1452 2284 ταῖς
1468 2246 1591 2281 ἐπιθυ-

180 2298 282 2342 μίαις.
917 2298 1012 2344 μίαις
1037 2298 1149 2343 ὑμῶν.

230 2352 262 2386 4.
288 2352 511 2397 παρεκάλουν
545 2352 601 2386 ἐπὶ
625 2352 686 2390 τὰς
715 2352 859 2397 πράξεις
968 2352 1002 2395 5,
1017 2350 1065 2387 65
1102 2352 1164 2397 τὴν
1200 2355 1335 2398 πρᾶξιν,
1374 2355 1474 2399 ἔφ’ἣν
1505 2381 1512 2388 .
1583 2380 1590 2388 .

180 2405 314 2444 ταύτας.
917 2406 1143 2451 παρακαλῶν.
