1770 2749
742 103 988 139 -48-

155 207 276 248 σοφεῒν
311 202 409 250 apud
442 203 640 239 Isocratem
676 202 873 239 coniuncta
907 214 982 238 non
1016 201 1189 247 leguntur
1222 202 1293 238 nisi
1325 201 1396 238 hoc
1429 202 1509 238 loco
1536 204 1574 239 et

155 267 209 303 ep.
227 255 297 301 7,3.
347 256 411 292 Ille
437 256 552 292 habet
577 260 720 292 σκοπεῖν
745 257 804 292 καὶ
830 257 942 302 φιλοσ.
959 255 994 299 4,
1010 256 1047 300 6;
1071 257 1216 301 μελετᾶν
1241 270 1273 292 κ.
1292 270 1329 302 φ.
1347 255 1380 300 8,
1396 255 1434 300 53
1460 269 1497 302 φ.
1515 257 1574 292 καὶ

154 311 314 355 πράττειν
340 311 398 355 15,
414 311 501 356 121;
527 324 564 356 φ.
589 311 649 346 καὶ
674 311 883 346 σκέπτεσθαι
908 309 1044 355 8,116;
1069 314 1189 345 πονεῖν
1213 324 1244 346 κ.
1263 324 1300 356 φ.
1318 309 1352 356 4,
1370 309 1478 355 186.1)

273 364 559 400 Substantivum
585 366 721 403 σκοπός
746 364 785 399 in
811 363 1040 399 orationibus
1065 375 1141 399 non
1167 363 1331 399 occurrit.
1567 403 1569 405 .

273 419 332 452 καὶ
364 419 499 463 μᾶλλον
533 419 752 459 ἐπιτεύξεσθε
785 421 846 453 τοῦ
877 419 1135 463 συμφέροντοςζ
1161 416 1316 453 verbum
1341 417 1574 462 ἐπιτυγχάνειν

155 471 194 506 in
229 470 456 507 orationibus
483 471 653 517 genuinis
679 482 753 507 uno
780 470 857 507 loco
884 471 941 516 15,
956 470 1027 506 271
1055 498 1062 506 .
1089 497 1096 505 .
1124 498 1130 506 .
1157 471 1392 516 ἐπιτυγχάνειν
1418 497 1425 506 .
1452 497 1485 505 ..
1510 474 1573 506 τοῦ

154 526 328 571 βελτίστου
370 526 591 570 δυναμένους
630 525 831 570 invenitur,
870 526 1062 571 praeterea
1098 525 1223 560 exstat
1255 524 1293 559 in
1329 523 1573 559 Demoniceae

154 589 229 625 par.
257 577 305 613 14
340 579 465 614 τούτου
502 579 580 614 δ’ἂν
613 579 786 624 ἓπιτύχοις
822 579 860 614 ot
885 590 940 624 ep.
957 577 992 623 4,
1008 579 1031 613 8
1056 579 1167 613 καλοῦ
1191 579 1282 613 πλοῦ
1307 578 1473 616 πολλάκις
1498 578 1572 612 ἐπι-

156 636 270 678 τυχεῖν
297 633 395 669 ἐστιν.

309 713 317 721 .
344 713 351 720 .
377 686 416 720 τὸ
441 690 655 730 προςπῖπτον
690 687 881 730 ἐπιχειρῆτε
914 686 1085 730 πράττειν.
1132 685 1251 720 Dietio
1285 685 1324 719 τὸ
1358 688 1575 729 προσπῖπτον

154 738 354 774 Isocratem
380 750 454 774 non
481 739 588 786 sapit.
635 737 743 786 Apud
768 738 867 774 hunc
893 738 990 774 enim
1016 740 1084 774 aut
1109 739 1281 774 neutrum
1307 736 1458 785 pluralis
1484 737 1573 773 sub-

155 793 325 828 stantiva
358 793 396 828 vi
429 793 572 837 legitur,
608 794 652 828 ut
686 793 719 836 9,
735 793 792 828 43.
827 793 881 833 15,
897 793 966 828 131
999 793 1066 828 aut
1095 792 1327 839 participium
1352 791 1574 827 attributiva

154 846 193 881 vi
220 846 277 891 12,
293 846 342 881 30
371 850 443 884 τοῖς
467 847 647 892 πρόψμασι
674 874 681 880 .
709 873 715 881 .
743 873 750 881 .
775 850 846 884 τοῖς
871 847 1124 891 προσπίπτουσι
1151 873 1158 880 .
1185 872 1192 880 .
1220 873 1227 880 .
1277 844 1358 880 Uno
1384 845 1463 880 loco
1490 856 1573 880 cum

157 899 270 935 verbo
295 901 477 946 τυγχάνειν
495 901 588 946 part.
605 899 807 945 προσπεσὸν
835 899 1082 945 coniungitur:
1110 898 1255 944 15,140
1281 900 1333 938 ὡς
1359 900 1403 934 ἂν
1428 899 1573 934 ἕκαστον

154 955 240 999 τύχῃ
267 955 478 998 προσπεσόν.

274 1006 441 1055 ParhIZ:
470 1034 477 1041 .
497 1035 503 1041 .
522 1035 530 1042 .
555 1007 666 1041 πολλὰ
685 1008 975 1052 παραλογίζονται
992 1011 1086 1052 σφᾶς
1102 1007 1241 1045 αὐτούς.
1267 1005 1430 1041 Verbum
1446 1006 1572 1050 παραλ.

155 1059 336 1095 Isocrates
375 1059 519 1095 duobus
557 1059 646 1095 locis
686 1059 856 1095 absolute
895 1060 1078 1095 adhibuit:
1120 1059 1175 1104 15,
1191 1059 1273 1094 281.
1301 1060 1359 1104 12,
1373 1059 1455 1094 243.
1505 1058 1572 1094 His

154 1113 243 1148 locis
270 1113 424 1148 verbum
445 1128 480 1148 π.
499 1113 702 1158 significare
731 1113 961 1157 „fraudare“,
988 1113 1026 1148 in
1045 1125 1099 1160 ep.
1119 1113 1290 1158 ,‚falle1·e“
1309 1112 1572 1148 Muenscherus

153 1166 175 1202 l.
193 1166 214 1202 l.
242 1166 464 1202 observavit.

343 1249 351 1257 .
385 1222 420 1256 οἵ
451 1225 522 1260 τοῖς
556 1222 739 1267 αἰσχίστοις
772 1222 831 1256 καὶ
865 1221 1180 1267 παρανομωτάτοις
1209 1225 1282 1256 τῶν
1308 1222 1423 1266 ἔργων
1448 1221 1571 1266 ἐπιχει-

156 1279 307 1320 ροῦντες.
366 1273 632 1320 Adiectivum2)
666 1276 874 1320 παράνομος
907 1274 977 1310 hoc
1010 1275 1090 1310 loco
1117 1274 1161 1310 de
1187 1286 1226 1310 re
1252 1276 1461 1321 usurpatur,
1489 1285 1572 1308 cum

155 1328 194 1363 in
220 1328 392 1364 Isocratis
420 1328 647 1364 mationibus
675 1328 719 1364 de
745 1329 909 1376 personis
937 1329 1093 1365 dicatur:
1122 1328 1249 1375 11,42.
1277 1328 1428 1373 12‚135.

274 1382 354 1418 Par.
381 1381 444 1418 14:
472 1410 478 1417 .
506 1411 513 1418 .
540 1411 547 1418 .
574 1384 606 1418 εἶ
629 1410 636 1418 .
663 1410 670 1417 .
697 1412 704 1418 .
731 1384 908 1428 ἀμελήσας
932 1383 971 1418 τὸ
995 1384 1136 1428 ἐμαυτῷ
1154 1384 1337 1428 συμφέρον
1354 1383 1493 1428 ποιοίην
1511 1409 1519 1417 .
1538 1409 1571 1417 ..

156 1435 389 1472 Offendimus
416 1436 454 1471 in
480 1436 597 1481 hiatu,
626 1436 688 1482 qui
714 1438 772 1472 est
796 1437 892 1472 inter
915 1437 955 1471 τὸ
983 1439 1021 1471 et
1047 1438 1197 1482 ἐμαυτῷ.
1240 1437 1294 1471 De
1321 1447 1392 1482 quo
1419 1438 1573 1480 egerunt

155 1489 416 1535 Benselerusss),
456 1489 641 1537 Hauptius
650 1490 685 1535 ⁴),
724 1489 934 1536 Blassius5),
974 1489 1237 1526 Muenscherus
1277 1489 1308 1534 (l.
1338 1488 1382 1534 1.).
1444 1488 1572 1536 Neque

155 1545 279 1590 potest
313 1543 392 1579 tolli
429 1543 635 1579 difficultas.
678 1544 719 1579 In
757 1543 848 1579 libro
885 1543 930 1579 de
968 1543 1074 1579 hiatu
1113 1544 1315 1590 conscripto
1353 1542 1572 1579 Benselerus

154 1608 218 1644 pro
273 1597 312 1632 τὸ
365 1598 519 1643 ἐμαυτοῦ
571 1597 679 1633 scribi
729 1596 811 1633 vult
860 1598 1075 1643 τούμαυτοῦ,
1125 1597 1189 1632 sed
1231 1596 1329 1641 hanc
1377 1596 1572 1632 lectionem

156 1652 309 1697 ἐμαυτοῦ
336 1662 410 1687 non
442 1663 523 1687 esse
549 1652 586 1686 in
614 1650 798 1687 codicibus
824 1651 1083 1698 manuscriptis
1108 1652 1270 1687 testatur
1295 1651 1460 1687 Blassius
1487 1650 1571 1687 edit.

155 1717 188 1751 p.
206 1704 284 1740 LIII
309 1703 380 1740 vol.
398 1705 429 1740 ΙΙ
455 1717 487 1741 a.
509 1705 612 1740 1882.
650 1705 691 1740 In
726 1705 885 1741 editione
911 1705 1129 1741 Benselerus
1156 1705 1279 1741 omisit
1303 1704 1392 1740 illud
1418 1706 1570 1751 ἐμαυτῷ,

157 1757 222 1793 sed
249 1757 476 1794 desideratur
502 1758 710 1805 oppositum
736 1759 857 1794 verbis
884 1770 979 1805 quae
1005 1758 1208 1806 pracedunt
1225 1760 1368 1794 ἐκείνων
1385 1759 1570 1804 ἀμελήσας.

277 1895 297 1932 1)
318 1894 358 1924 cf.
373 1894 543 1924 Schneider
563 1895 604 1924 ad
617 1894 676 1930 4,ss
697 1895 745 1932 (Is.
767 1904 904 1933 ausgew.
919 1895 997 1924 Red.
1014 1895 1098 1930 1886,
1120 1895 1245 1931 V01.11;
1267 1912 1306 1916 —
1326 1895 1493 1931 Roschatt,
1514 1895 1571 1924 Die

159 1947 323 1977 synonym.
344 1938 498 1977 Verbdgn.
514 1939 541 1970 b.
557 1939 616 1968 den
639 1938 764 1969 attisch.
779 1939 887 1974 Redn.,
909 1939 1014 1977 Progr.
1029 1939 1169 1977 Freising
1185 1939 1269 1975 1896,
1291 1948 1320 1978 p.
1334 1938 1382 1970 26.
1403 1956 1441 1960 —
1462 1939 1570 1974 Hoess,

224 1992 244 2021 p
276 2027 298 2063 2)
320 2026 436 2056 Keilius
458 2027 510 2057 l.1.
525 2037 554 2065 p.
568 2027 608 2056 34
628 2027 700 2057 adn.
714 2027 734 2057 3
754 2027 793 2056 de
813 2027 976 2056 adiectivis
996 2027 1028 2056 in
1049 2027 1192 2065 epistulis
1212 2027 1286 2057 solis
1308 2027 1457 2057 adhibitis
1471 2036 1571 2065 pauca

156 2070 300 2101 adnotat.
348 2070 395 2099 Ad
421 2070 575 2100 adiectiva
602 2071 643 2100 ibi
672 2071 782 2101 allata:
811 2069 960 2109 ἀλόγιστος
980 2080 1029 2109 ep.
1045 2071 1112 2106 11,9
1131 2069 1297 2109 (ἀλογίστως
1316 2070 1344 2106 2,
1355 2071 1404 2100 29.
1424 2070 1570 2106 8,30.52,

157 2115 203 2150 12,
229 2114 285 2152 15),
323 2113 528 2152 στρατιωτικός
555 2124 601 2153 ep.
621 2115 693 2150 11‚9
721 2117 946 2153 (στρατιωτικῶς
973 2116 1001 2150 ’7,
1019 2115 1047 2145 7.
1075 2114 1188 2150 5,105.
1217 2115 1262 2150 12,
1281 2115 1329 2153 79)
1358 2115 1481 2145 accedit
1508 2115 1569 2144 adi.

156 2156 302 2195 φθονερός
323 2167 371 2196 ep.
392 2158 442 2192 IV,
463 2158 490 2193 4,
519 2159 556 2187 de
577 2167 639 2196 quo
660 2168 689 2187 v.
704 2168 797 2197 supra
817 2168 846 2196 p.
861 2159 908 2188 21.
949 2158 1004 2196 Ep.
1020 2158 1099 2193 1V,8
1119 2159 1251 2188 occurrit
1271 2157 1461 2197 ἀθυμότερος,
1483 2158 1570 2188 euius

155 2202 303 2232 adiectivi
325 2202 356 2231 in
379 2201 572 2232 orationibus
592 2203 705 2239 legitur
725 2202 906 2232 adverbium
927 2201 1049 2240 ἀθύμως
1068 2202 1096 2239 3,
1107 2202 1155 2233 58.
1168 2202 1197 2238 4,
1208 2202 1256 2232 44.
1267 2202 1315 2232 93.
1333 2202 1442 2240 18,60;
1458 2202 1570 2240 ἄθυμο-

154 2248 243 2285 reem:
262 2246 421 2276 invenitur
441 2246 468 2279 4.
485 2246 542 2275 116
572 2247 768 2277 Adiectivum
787 2246 958 2286 παράνομος
979 2248 1086 2276 autem
1106 2256 1169 2277 non
1190 2248 1238 2276 est
1259 2247 1289 2276 in
1305 2256 1433 2276 numero
1447 2247 1570 2277 illorum

155 2291 392 2320 adiectivorum.
440 2291 544 2329 Atque
571 2291 658 2321 addit
682 2291 815 2321 Keilius:
843 2291 998 2330 permulta
1024 2291 1096 2321 adv.
1123 2291 1154 2320 in
1180 2299 1320 2320 sermone
1348 2291 1454 2320 Attico
1476 2290 1571 2321 obvia

155 2337 238 2369 sunt,
261 2343 392 2373 quorum
412 2334 560 2364 adiectivi
581 2335 704 2372 optimis
724 2335 891 2374 scriptores
911 2335 959 2364 uti
979 2336 1053 2364 sunt
1074 2335 1171 2365 veriti.

274 2379 297 2416 ³)
319 2379 358 2408 de
378 2378 478 2413 hiatu,
502 2377 586 2413 1841,
606 2387 636 2416 p.
650 2378 697 2408 58.

274 2423 295 2458 ⁴¹)
316 2423 336 2453 1.
351 2423 371 2454 l.
385 2432 414 2461 p.
431 2422 530 2461 12113.

274 2467 295 2504 ⁵)
317 2467 336 2496 l.
350 2467 369 2496 l.
383 2466 419 2502 II,
434 2466 498 2496 143.
519 2466 570 2501 III,
584 2466 612 2501 2,
627 2466 726 2504 37617.
