1770 2749
751 119 989 154 -10—

164 219 362 255 Phocicum
396 217 604 254 confectum
640 220 706 254 est.
758 218 853 253 Huic
887 219 1014 253 autem
1047 216 1342 264 interpretationi
1371 218 1580 263 repugnant

164 284 241 319 par.
259 273 282 308 2
310 274 348 308 et
373 283 447 320 par.
467 272 489 308 6
517 271 708 319 epistulae.
750 272 791 307 ln
809 283 883 319 par.
903 272 1000 308 enim
1018 272 1040 307 2
1059 271 1171 308 verba
1189 270 1287 306 fiunt
1305 269 1349 307 de
1368 269 1578 315 certamine,

165 339 237 375 quo
264 339 392 364 omnes
411 326 541 364 Graeci
565 338 696 374 pacem
722 338 869 363 servare
896 326 1015 363 coacti
1040 326 1124 363 sint.
1164 325 1265 370 Quae
1291 325 1406 362 verba
1431 324 1579 361 minime

164 393 273 428 posse
307 381 430 416 referri
465 381 512 416 ad
546 380 583 415 id
618 380 766 426 bellum,
801 392 873 428 quo
908 381 1033 416 Phocii
1067 380 1212 416 subacti
1247 381 1345 424 sunt,
1380 379 1578 424 Blassius¹)

164 436 262 471 recte
289 434 468 482 exposuit,
497 434 683 482 quoniam,
710 436 754 471 ut
779 434 894 482 ipsius
919 434 1041 471 verbis
1067 436 1226 479 utamur,
1266 432 1395 479 „dabei
1422 432 1492 477 (bei
1517 431 1580 469 der

164 488 451 533 Unterwerfung
486 488 549 524 der
573 488 741 534 Phokier)
778 500 842 533 gar
866 488 952 524 kein
977 488 1112 535 Kampt'
1138 487 1332 532 stattfand‚
1368 486 1578 531 abgesehen

165 542 297 585 davon,
332 538 405 577 dass
441 541 517 576 dies
543 541 710 587 Ereignis
745 541 838 577 doch
871 541 974 576 nicht
1007 541 1058 576 im
1091 540 1300 576 mindesten
1335 540 1392 575 die
1418 539 1579 576 anderen

165 594 345 631 Griechen
380 607 444 630 zur
479 595 585 631 Ruhe
619 596 782 639 zwang.“
840 595 967 641 Neque
1001 594 1186 641 persuasit
1219 594 1324 630 nobis
1360 593 1577 639 Wagnerus,

167 649 229 695 qui
254 648 324 684 hoc
350 648 484 684 Blassii
511 651 769 694 argumentum
796 660 838 684 eo
865 649 1068 695 impugnat,
1096 647 1194 695 quod
1221 649 1335 684 verba
1360 648 1416 683 διὰ
1435 648 1501 693 γὰρ
1518 647 1579 682 τὸν

164 704 286 748 ἀγῶνα
303 703 364 738 τὸν
382 704 612 749 γεγενημένον
638 702 769 738 mirum
792 703 827 737 in
847 701 996 737 modum
1013 701 1278 748 interpretatus
1296 701 1454 748 explicat
1475 700 1579 746 „illas

164 768 309 803 pugnas
334 756 601 802 intellegendas
629 768 722 800 esse,
750 755 883 803 quibus
910 751 998 790 ante
1022 754 1157 791 bellum
1176 767 1199 791 a
1215 754 1381 802 Philippo
1400 754 1447 790 ad
1463 754 1579 792 finem

164 809 382 857 perductum
401 811 611 846 conflictum
628 811 740 846 erat“.
781 809 875 845 Fieri
892 810 989 844 enim
1007 820 1082 844 non
1100 810 1233 856 potest,
1261 809 1351 856 quin
1367 808 1438 844 illis
1455 808 1578 844 verbis

165 864 220 898 διὰ
248 864 315 909 γὰρ
331 864 392 898 τὸν
410 865 530 908 ἀγῶνα
548 864 608 898 τὸν
626 865 856 909 γεγενημένον
883 862 1059 908 singulari
1076 873 1228 898 numero
1246 862 1435 909 usurpatis
1453 861 1578 897 addito

162 916 354 963 participio
386 928 467 952 cum
495 917 649 952 articulo
675 917 871 952 coniuncto
897 927 1013 951 unum
1039 917 1226 951 certamen
1252 915 1423 951 omnibus
1448 918 1578 951 notum

164 971 396 1015 significetur.
446 971 560 1006 Istam
592 972 718 1006 autem
743 970 1085 1017 interpretationem
1111 970 1188 1005 veri
1213 981 1288 1005 non
1315 969 1468 1005 similem
1496 981 1577 1005 esse

162 1024 242 1070 ipse
269 1024 430 1059 sensisse
456 1023 613 1066 videtur,
641 1035 725 1059 cum
751 1023 903 1060 adderet
928 1023 1059 1059 melius
1086 1023 1156 1059 sibi
1173 1023 1315 1070 placere
1334 1023 1578 1067 enuntiatum,

163 1079 194 1113 si
221 1077 374 1113 articulo
401 1089 476 1112 non
501 1078 657 1124 repetito
683 1077 916 1124 participium
941 1076 1190 1124 praedicative
1217 1079 1316 1112 esset
1340 1076 1510 1123 positum,
1535 1078 1579 1111 ut

163 1131 277 1167 verba
315 1131 410 1167 verti
448 1133 614 1178 possent:
661 1131 818 1177 „infolge
854 1130 916 1166 der
949 1130 1233 1176 Beendigung
1267 1130 1331 1166 des
1365 1129 1575 1177 Kampfes.“

164 1184 266 1228 Quae
294 1196 457 1222 curnon
484 1184 708 1230 significent:
739 1184 895 1231 „infolge
922 1184 987 1220 des
1012 1184 1487 1231 Entscheidungskampfes‚
1516 1183 1579 1218 der

163 1238 443 1283 stattgefunden
469 1239 571 1283 hat“,
597 1250 673 1274 non
698 1238 877 1274 videmus.

282 1291 451 1328 Alterum
485 1294 754 1339 argumentum,
792 1304 862 1339 quo
889 1292 1054 1329 Blassius
1082 1292 1153 1337 (l.1.
1178 1305 1211 1340 p.
1231 1293 1312 1338 110)
1344 1292 1577 1340 comprobare

163 1346 309 1382 studuit
326 1346 523 1394 epistulam
543 1358 640 1383 anno
660 1347 731 1383 346
750 1346 923 1393 scriptam
940 1358 1015 1383 non
1034 1358 1127 1391 esse,
1146 1347 1204 1382 his
1218 1347 1427 1383 continetur
1440 1347 1577 1382 verbis:

165 1412 227 1447 „es
245 1400 296 1436 ist
313 1400 392 1436 hier
411 1400 558 1436 einfach
574 1400 796 1446 unmoglich,
824 1411 873 1436 an
892 1401 999 1437 einen
1018 1401 1179 1437 anderen
1196 1400 1351 1438 Frieden
1368 1413 1414 1437 zu
1431 1400 1578 1438 denken

162 1454 218 1490 als
245 1466 294 1490 an
321 1454 393 1490 den
419 1467 495 1491 von
521 1455 604 1500 338,
633 1455 680 1491 da
697 1455 839 1501 Philipp
866 1455 1076 1502 uberhaupt
1096 1467 1166 1491 nur
1183 1455 1350 1491 zweimal
1367 1455 1435 1491 mit
1452 1455 1577 1491 Athen

160 1508 316 1544 Frieden
352 1508 477 1544 schloss
511 1509 588 1544 und
623 1508 686 1544 der
722 1510 818 1544 erste
854 1508 917 1544 der
949 1509 1000 1543 im
1025 1508 1143 1544 Brieie
1171 1510 1201 1555 (ξ
1228 1509 1298 1553 lf.)
1334 1509 1390 1544 als
1419 1509 1458 1544 in
1483 1519 1577 1553 ganz

163 1561 317 1597 anderer
343 1562 422 1598 Zeit
447 1561 523 1598 und
550 1562 606 1598 als
631 1562 816 1598 Isokrates
842 1562 937 1598 noch
961 1562 1093 1610 jsmger
1118 1574 1197 1599 war
1223 1563 1254 1609 (ξ
1280 1562 1312 1609 6)
1339 1562 1575 1609 geschrieben

162 1616 378 1652 erwahnten
407 1618 438 1652 5.
457 1617 558 1652 Rede
594 1616 845 1662 vorausgeht.“
899 1616 1019 1661 Negat
1043 1616 1155 1661 igitur
1180 1617 1382 1652 orationem
1408 1616 1576 1662 quintam

163 1671 200 1704 et
235 1669 432 1716 epistulam
466 1670 614 1705 tertiam
650 1671 776 1706 eodem
812 1682 910 1706 anno
946 1670 1167 1717 compositas
1202 1681 1293 1716 esse,
1330 1681 1473 1706 summo
1498 1669 1577 1705 iure

162 1725 291 1759 nostra
325 1718 472 1770 quidem
505 1725 701 1760 sententia.
752 1723 808 1760 Ex
834 1725 887 1761 eis
913 1725 1021 1770 enim,
1057 1735 1152 1771 quae
1179 1726 1307 1760 auctor
1332 1723 1512 1771 epistulae
1538 1724 1578 1761 in

162 1788 237 1823 par.
256 1777 278 1811 2
314 1780 351 1812 et
385 1777 407 1813 6
443 1777 487 1813 de
523 1780 703 1824 tempore,
739 1789 810 1824 quo
845 1778 1048 1814 orationem
1081 1777 1183 1814 illam
1216 1778 1292 1824 regi
1325 1777 1441 1822 misit,
1477 1776 1575 1822 dicit,

163 1832 319 1877 apparet
344 1832 463 1866 maius
482 1831 655 1878 temporis
674 1832 836 1879 spatium
854 1833 950 1868 inter
967 1833 1170 1868 orationem
1188 1834 1226 1868 et
1244 1831 1441 1879 epistulam
1458 1832 1575 1868 inter-

163 1883 289 1919 cedere
324 1884 380 1928 (cf.
406 1897 440 1931 p.
458 1885 494 1920 2:
529 1888 604 1920 κατ’
631 1887 763 1921 ἐκεῖνον
794 1887 860 1931 μὲν
885 1887 952 1931 γὰρ
977 1887 1037 1921 τὸν
1062 1887 1193 1931 χρόνον
1221 1914 1227 1920 .
1255 1914 1261 1920 .
1290 1914 1296 1920 .
1321 1887 1397 1921 τότε
1421 1887 1487 1931 μὲν
1512 1886 1577 1921 οὗν·

161 1938 267 1975 ἄλλος
302 1938 346 1983 ἦν
378 1939 502 1983 καιρὸς
538 1966 544 1973 .
573 1966 580 1973 .
607 1966 614 1973 .
648 1943 712 1974 νῦν
747 1967 753 1973 .
782 1967 788 1973 .
817 1942 850 1984 .).
901 1939 1127 1985 Paragraphi
1160 1941 1286 1975 autem
1321 1940 1450 1974 sextae
1483 1939 1576 1975 haec

162 1990 279 2026 verba
305 1990 344 2025 in
370 2003 520 2026 censum
546 1992 716 2028 veniunt:
750 1994 852 2038 χάριν
878 1994 910 2028 δ’
938 1995 1010 2039 ἔχω
1035 1997 1086 2038 τῷ
1112 1994 1204 2038 γήρᾳ
1231 2020 1237 2027 .
1266 2021 1272 2027 .
1300 2020 1307 2027 .
1334 1994 1423 2031 ὡςθ’
1450 1995 1472 2028 ἂ
1499 1995 1577 2033 νέος

161 2047 215 2079 ὢν
243 2046 455 2090 διενοούμην
482 2046 540 2080 καὶ
567 2047 713 2091 γράφειν
741 2047 941 2092 ἐπεχείρουν
967 2049 1004 2081 ἔν
1029 2060 1064 2081 τε
1089 2050 1139 2091 τῷ
1156 2050 1388 2092 πανηγυρικῷ
1405 2047 1500 2092 λόγῳ
1516 2049 1576 2082 καὶ

160 2103 211 2143 τῷ
224 2099 316 2144 πρὸς
329 2099 367 2133 σὲ
379 2100 576 2144 πεμφθέντι
594 2111 624 2134 e.
639 2110 670 2145 q.
686 2111 713 2135 s.
738 2100 792 2135 De
812 2099 1000 2135 sententia
1011 2099 1123 2135 huius
1135 2099 1354 2147 paragraphi
1367 2099 1576 2146 Wagnerus

159 2152 253 2188 falso
279 2151 429 2198 iudicat,
457 2164 538 2188 cum
566 2151 667 2188 dicit:
695 2153 809 2188 verba
834 2155 913 2192 νέος
936 2155 988 2188 ὢν
1014 2164 1135 2200 neque
1154 2154 1192 2189 in
1209 2165 1349 2189 annum
1366 2155 1438 2190 346
1454 2166 1574 2202 neque

159 2206 197 2241 in
212 2217 307 2250 eum,
323 2217 396 2253 quo
410 2205 711 2241 Panathenaicus
730 2206 973 2245 (scribendum
987 2209 1059 2242 est:
1074 2206 1332 2254 Panegyricus)
1351 2209 1575 2255 compositus

161 2262 219 2295 est
245 2262 398 2304 (annum
425 2259 498 2294 380
524 2258 615 2305 dico)
648 2259 841 2307 quadrant.
892 2260 987 2296 Nam
1013 2271 1111 2296 anno
1139 2260 1209 2297 338
1235 2261 1425 2308 Isocrates,
1460 2274 1575 2299 senex

160 2314 367 2359 nonaginta
393 2316 475 2350 octo
503 2325 695 2359 annorum,
724 2313 842 2350 dicere
869 2316 1017 2361 poterat
1043 2327 1082 2350 se
1110 2326 1207 2350 anno
1234 2315 1316 2362 380,
1343 2317 1364 2351 i.
1383 2328 1412 2352 e.
1431 2316 1575 2352 duobus

161 2370 199 2402 et
224 2368 472 2414 quadraginta
499 2369 608 2403 annis
635 2370 734 2413 ante,
760 2368 934 2404 iuvenem
960 2368 1083 2404 fuisse.

279 2481 299 2517 ¹)
320 2481 399 2510 Mus.
420 2480 521 2510 Rhen.
543 2480 604 2510 vol.
618 2480 674 2509 XX
696 2490 725 2519 p.
743 2480 799 2510 110
819 2480 890 2511 adn.
905 2481 933 2510 3.
